4808 6172
1170 595 1219 671 80

396 811 450 880 Pu
457 830 507 903 pa
538 809 714 878 lamellosa
741 805 844 878 Lurco
920 805 1045 875 fossilis
1073 805 1240 898 reperitur
1267 806 1300 874 in
1326 803 1472 875 Modera

446 976 463 987 -
540 934 691 1005 saxicola
716 931 820 1004 Lorne
970 970 988 983 ·
1139 971 1156 982 ·
1271 971 1288 982 -
1325 930 1473 1001 Madera.
1568 948 1572 959 ·

396 1062 598 1135 Clausilia
625 1059 745 1131 Lowei
771 1057 845 1130 Alb.
966 1098 983 1110 ·
1136 1097 1152 1108 -
1268 1098 1286 1108 -
1323 1057 1425 1129 Portu
1453 1067 1581 1127 sancto.

325 1271 328 1277 ι
396 1191 664 1284 Cyclostoma
689 1185 836 1258 lucidum
862 1185 991 1256 Lorne
1062 1257 1064 1261 ,
1142 1224 1159 1235 -
1271 1224 1289 1235 -
1326 1183 1474 1258 Madera.

686 1313 953 1409 lyonnetianum
979 1309 1082 1382 moe
1144 1350 1160 1361 -
1274 1352 1291 1362 -
1329 1310 1477 1382 Modera.

445 1505 533 1574 luter
559 1503 697 1596 species
723 1501 771 1571 63
800 1520 904 1592 supra
930 1507 1155 1583 enumeratas,
1183 1499 1412 1592 reperiuntur:

736 1713 767 1772 in
782 1713 906 1772 Modera
971 1710 1003 1770 ln
1018 1709 1106 1770 Portu
1118 1719 1228 1772 sancto.
1295 1624 1551 1770 iprpplrppesrpnpp‘).
1612 1699 1732 1770 Summa
1748 1709 1873 1786 specior.

498 1827 660 1895 Vitrina
825 1825 838 1890 l

497 1953 621 2023 Helix
804 1951 848 2018 lb

498 2076 709 2150 Glandina
752 2114 755 2121 ·
824 2077 847 2146 2

498 2206 609 2299 Pupa
803 2203 848 2271 to

498 2331 696 2403 Clausilia
800 2367 845 2380 -

495 2459 768 2553 Cyclostoma
827 2457 849 2527 2

737 2563 887 2663 '‘a'o‘

446 2730 629 2800 Praeterea
654 2727 751 2799 Helix
778 2733 943 2797 coronata
968 2726 1076 2797 Lowe
1103 2726 1135 2795 in
1163 2726 1273 2796 Insula
1300 2726 1439 2797 deserta
1471 2725 1607 2795 australi
1635 2736 1790 2799 emortua
1817 2729 2000 2822 reperitur,
2039 2729 2113 2800 sed

296 2855 517 2929 dubitandum
543 2876 586 2926 an
612 2874 696 2927 vera
723 2853 849 2925 fossilis
875 2851 925 2922 sit.

447 2982 599 3067 Quarum
632 2982 826 3075 specierum
857 2980 903 3049 12
929 2987 1056 3050 tantum
1088 2979 1175 3049 tales
1209 2980 1497 3064 enumeravimus,
1530 2999 1619 3071 quae
1647 2977 1815 3052 hodierno
1842 2990 2000 3074 tempore
2031 3005 2110 3054 non

295 3114 438 3206 amplius
463 3111 563 3181 vivae
591 3109 819 3202 reperiuntnr;
846 3113 991 3176 attamen
1019 3107 1215 3200 complures
1236 3127 1352 3177 earum
1375 3107 1559 3200 speciebus
1580 3105 1771 3178 viventibus
1798 3109 1841 3178 ita
1862 3107 1983 3180 affines
2012 3120 2111 3194 sunt,

295 3248 331 3308 ut
357 3238 550 3310 difficillime
576 3244 703 3305 tantum
730 3233 867 3326 species
893 3217 1083 3324 singulares
1110 3232 1227 3304 baberi
1253 3235 1394 3326 possint,
1422 3231 1516 3327 quod
1537 3254 1582 3304 ex
1601 3234 1794 3327 specierum
1822 3234 1985 3306 lossilium
2015 3258 2112 3307 enu-

296 3366 484 3437 meratione
510 3362 633 3435 clarius
660 3359 814 3434 elucebit.

895 3645 922 3726 ι.
962 3642 1084 3727 nou
1108 3607 1352 3747 carpinum
1385 3648 1505 3730 mue.
1611 3743 1614 3750 ,

997 3877 1004 3891 .
1023 3792 1092 3849 rau.
1110 3792 1159 3848 1r.
1191 3788 1253 3866 arg.
1271 3792 1369 3848 1-2.

446 3957 547 4027 Testa
572 3953 638 4024 late
663 3953 869 4040 umbilicata,
895 3951 1079 4046 depressa,
1106 3952 1392 4038 sublenticularis‚
1419 3954 1589 4039 calcanea,
1622 3975 1726 4047 supra
1752 3957 1864 4048 strigis
1891 3961 2109 4028 transversis

296 4095 329 4154 et
357 4082 453 4154 lineis
479 4079 660 4163 brevibus,
695 4079 841 4172 obliquis
873 4079 1114 4172 irregularibus
1148 4078 1320 4172 profunde
1346 4080 1491 4173 sculpta,
1526 4080 1600 4152 basi
1626 4100 1799 4166 convexa,
1830 4082 1927 4152 lineis
1955 4085 2107 4156 elevatis

160 4210 167 4223 ‘
296 4209 523 4282 concentriois
551 4208 572 4276 5
601 4214 637 4277 et
661 4206 758 4276 lineis
784 4205 902 4277 densis
928 4207 1132 4278 transversis
1159 4206 1567 4297 granulato-decussata;
1600 4206 1691 4300 spira
1718 4230 1838 4301 parum
1864 4209 2013 4295 elevata,
2042 4234 2109 4282 sn-

296 4359 403 4430 perne
431 4337 580 4430 planata;
613 4333 785 4404 anfractus
811 4333 877 4426 ⁶l2
909 4333 1090 4405 inferiores
1117 4334 1167 4426 3}
1193 4341 1291 4404 acute
1317 4331 1359 4403 'et
1391 4343 1530 4405 exserte
1564 4336 1914 4421 excavato-cannati,
1946 4346 2108 4411 saturam

297 4473 467 4555 tegentes,
499 4461 624 4555 superi·
641 4459 748 4552 plani,
780 4470 896 4530 sutura
922 4458 1067 4532 fililormi
1090 4460 1211 4550 juncti,
1245 4460 1380 4530 ultimus
1406 4460 1451 4531 ad
1477 4470 1672 4554 aperturam
1697 4463 1810 4534 subito
1835 4464 2008 4555 profunde
2038 4467 2109 4539 de-

298 4590 422 4667 llexus3
454 4587 632 4659 umbilicus
658 4585 990 4672 infundibulilormis‚
1017 4583 1061 4658 ad
1089 4586 1220 4679 apicem
1246 4607 1357 4679 usque
1382 4587 1537 4680 pervius,
1564 4607 1677 4682 aeque
1703 4610 1744 4660 ac
1770 4589 1802 4660 in
1830 4588 1904 4661 basi
1929 4593 2109 4686 sculptus;

298 4724 456 4808 apertura
480 4715 691 4808 perobliqua,
718 4713 1097 4806 angulatoerotundata,
1124 4713 1198 4785 basi
1225 4722 1378 4798 rostrata,
1405 4715 1638 4797 canaliculala;
1665 4717 1848 4808 peristoma
1874 4725 1986 4803 tenue,
2015 4741 2109 4792 con-

298 4845 434 4925 tinuum,
461 4842 615 4927 solutum,
640 4840 791 4933 undique
817 4861 1016 4935 expansum

449 4986 553 5056 Diam.
579 4985 654 5075 maj.
680 4986 739 5071 20,
766 4986 843 5055 min.
873 4986 929 5071 ⁴8,
956 4985 1009 5056 alt
1036 4985 1058 5055 8
1085 4984 1205 5054 millim.

497 5128 588 5188 Helia
609 5125 781 5205 delphinum
802 5129 891 5187 Larua
911 5127 1020 5189 Primit
1043 5144 1072 5203 p.
1086 5129 1126 5191 60
1148 5129 1178 5187 in
1201 5136 1278 5200 nota,
1301 5129 1414 5205 absque
1436 5129 1599 5207 diagnusin.
1627 5163 1631 5169 -

497 5235 687 5316 Debilianla,
709 5239 842 5299 calcatae
863 5239 944 5299 Lam.
967 5237 1046 5299 alliu
1068 5237 1206 5297 liowdicl
1228 5238 1401 5300 excursions
1423 5257 1452 5315 p.
1470 5242 1541 5303 140.
1564 5239 1612 5317 fig.
1625 5241 1675 5305 33.

450 5367 551 5438 Helici
578 5364 742 5437 Lndovici
768 5377 802 5438 et
827 5368 1005 5440 tectilormi
1031 5367 1196 5461 proxima
1224 5368 1330 5440 altera
1356 5376 1452 5462 parte
1480 5368 1651 5462 sculptura
1677 5371 1901 5463 sequentibus
1927 5373 1950 5444 2
1978 5373 2109 5448 affinis.
