4808 6172
1131 535 1154 604 3

240 755 309 824 tur;
343 744 375 812 in
404 743 558 814 saucibus
591 753 718 812 tanturn
751 742 795 812 ad
829 762 923 813 mare
957 742 1217 813 decurrentibus
1248 752 1329 835 post
1361 741 1488 812 imbres
1522 762 1666 834 magnos
1694 750 1727 814 et
1753 744 1913 814 assiduos
1939 744 2049 833 maj0r

239 891 350 963 aquae
378 870 480 962 copia
505 868 656 962 prolluit;
690 867 754 938 sed
788 868 875 940 baec
902 890 1042 962 quoque
1069 870 1220 940 siccitate
1248 869 1386 961 saepius
1413 889 1557 960 prorsus
1584 872 1764 941 exarescit.
1816 870 2049 955 Quamobrem

224 1018 336 1089 -aqua,
363 1016 453 1088 quae
480 995 524 1067 ad
552 997 653 1066 vitam
680 996 867 1066 incolarum
895 997 1091 1066 necessaria
1120 1004 1187 1079 est,
1214 995 1487 1089 aquaeductibus
1514 993 1713 1089 peridoneis
1740 1006 1842 1091 atque
1868 999 2049 1091 ingeniose

239 1123 410 1208 institutis,
437 1122 594 1194 Levadas
622 1121 734 1209 dictis,
762 1142 806 1194 ex
833 1122 1008 1193 altioribus
1035 1123 1136 1207 locis,
1165 1123 1221 1194 obi
1250 1123 1404 1193 crebrius
1431 1123 1522 1215 pluit,
1550 1123 1745 1206 deducitur;
1778 1125 1974 1217 exquibus
2002 1125 2050 1194 ci—

237 1258 375 1320 sternae
403 1270 543 1343 quoque
569 1250 750 1343 plurimae,
777 1270 867 1343 quae
893 1269 1005 1342 prope
1032 1251 1258 1343 agricolarum
1287 1249 1457 1320 domicilia
1484 1251 1684 1343 frequenter
1709 1253 1933 1345 reperiuntur,
1960 1272 2047 1345 aqua

238 1377 427 1468 implentur.

390 1502 441 1573 Ad
468 1504 587 1573 lauces
614 1523 753 1595 quoque
781 1503 922 1595 rupibus
950 1502 1191 1593 interjacentes
1211 1505 1356 1573 animum
1385 1502 1569 1574 advertere
1596 1525 1662 1574 nos
1681 1512 1828 1595 oportet,
1856 1526 1959 1595 quum
1979 1526 2048 1574 non

236 1631 348 1700 solum
374 1630 505 1700 insulae
538 1631 648 1699 iorma
680 1650 725 1700 ex
756 1629 796 1698 iis
828 1628 995 1723 pendeat,
1029 1630 1094 1701 sed
1128 1632 1228 1702 etiam
1260 1631 1504 1700 mollusoorum
1537 1631 1628 1701 vitae
1661 1631 1746 1701 ratio
1780 1631 1812 1700 in
1847 1631 1888 1699 iis
1920 1631 2049 1700 nitatur.

237 1756 363 1826 Nescio
391 1777 433 1825 an
461 1757 527 1826 ulla
559 1756 623 1825 alia
655 1755 763 1825 insula
794 1757 970 1826 vuloauica
997 1756 1199 1850 adspectum
1233 1778 1345 1849 aeque
1379 1756 1625 1849 confragosum
1656 1758 1824 1850 praebeat
1850 1764 1953 1851 atque
1979 1759 2050 1827 lla-

237 1883 338 1964 dera3
372 1883 500 1975 ubique
527 1883 617 1953 enim
643 1881 742 1953 vides
769 1902 912 1975 magnas
946 1870 1018 1953 illas
1045 1885 1179 1970 lauces,
1213 1905 1302 1976 quae
1328 1882 1466 1953 Ribeiro
1493 1884 1722 1969 nominantur,
1756 1906 1801 1954 ex
1834 1884 2050 1956 interioribus

238 2012 368 2081 insulae
396 2009 595 2102 regionibus
622 2008 665 2078 ad
693 2031 788 2080 mare
821 2020 1065 2102 percurrentes
1093 2011 1194 2104 eique
1228 2031 1351 2103 aquam
1383 2009 1564 2102 plurialem
1599 2010 1821 2081 adducentes.
1875 2010 1979 2095 Quod
2005 2010 2048 2081 ad

241 2139 406 2230 originem
434 2158 551 2207 earum
577 2136 733 2230 pertinet,
760 2137 818 2206 vix
845 2136 986 2207 dubium
1011 2136 1156 2221 videtur,
1184 2137 1263 2229 quin
1289 2144 1408 2206 vastae
1435 2137 1511 2207 illae
1537 2144 1641 2230 atque
1666 2137 1860 2231 profundae
1888 2159 2049 2209 saxorum

240 2264 383 2335 fissurae
412 2286 457 2336 ex
484 2263 742 2354 refrigeratione
769 2275 804 2333 et
829 2264 1102 2336 condensatione
1133 2283 1322 2334 massarum
1348 2264 1601 2334 vulcauioarum
1627 2263 1811 2356 pendeant.
1863 2265 1949 2335 Nam
1976 2266 2051 2357 qui-

240 2391 385 2461 busdam
412 2392 444 2460 iu
471 2391 567 2474 locis,
593 2390 651 2459 ubi
678 2391 878 2482 superiores
905 2393 1050 2461 saucium
1077 2390 1248 2482 margines
1275 2392 1349 2461 iere
1376 2384 1607 2463 200'-300'
1628 2390 1715 2462 inter
1741 2412 1781 2462 se
1809 2392 1940 2478 distant,
1967 2412 2051 2485 pro-

238 2520 419 2589 minentiae
447 2518 583 2588 alterius
611 2537 773 2586 saxorum
800 2519 938 2610 parietis
965 2516 1245 2588 excavationibus
1266 2518 1459 2588 contrariae
1479 2517 1697 2610 respondere
1723 2517 1890 2603 videntur,
1918 2527 1952 2588 et
1977 2518 2050 2588 aliis

239 2648 271 2716 in
298 2646 394 2729 locis,
420 2644 607 2737 praecipue
633 2643 716 2713 mari
742 2643 868 2729 uicinis,
896 2645 954 2715 ubi
983 2646 1101 2715 lauces
1126 2643 1300 2714 latitudine
1325 2645 1511 2736 perspicue
1533 2653 1701 2728 crescunt,
1729 2645 1760 2713 iu
1788 2645 1905 2715 medio
1933 2666 2050 2715 earum

240 2774 379 2864 saepius
405 2791 499 2854 saxa,
525 2779 616 2840 tecto
644 2768 766 2839 declivi
794 2790 862 2841 nou
892 2771 1064 2841 dissimilia
1091 2780 1242 2863 surgunt,
1269 2790 1358 2862 quae
1385 2792 1463 2840 cum
1489 2768 1666 2841 hodiernis
1693 2771 1839 2840 saucium
1864 2771 2050 2863 parietibus

241 2900 320 2969 olim
347 2898 528 2988 conjuncta
557 2898 660 2967 luisse
686 2906 796 2989 putes.
849 2897 927 2981 Quo
954 2898 1089 2990 longius
1115 2918 1201 2967 vero
1229 2897 1261 2966 iu
1288 2897 1446 2968 Ribeiros
1471 2896 1645 2991 procedis,
1672 2919 1716 2968 eo
1743 2897 1853 2988 magis
1879 2896 2051 2967 luxurian—

240 3035 308 3096 tem
336 3023 589 3116 vegetationem
618 3026 765 3116 reperis;
792 3023 988 3117 ubicunque
1016 3025 1105 3096 euim
1132 3022 1334 3116 superficies
1361 3044 1524 3093 saxorum
1549 3023 1642 3093 Tutia
1670 3022 1802 3116 dilapsa
1823 3023 1959 3093 obtecta
1986 3034 2048 3107 est,

241 3153 296 3222 vel
323 3149 467 3220 fissurae
495 3170 614 3220 eorum
641 3149 745 3219 humo
772 3150 925 3243 repletae
952 3160 1038 3235 sunl,
1064 3171 1189 3242 magna
1216 3150 1387 3234 arborum,
1415 3151 1569 3221 iruticum
1595 3150 1836 3243 humiliumque
1863 3151 2049 3243 plantarum

241 3278 341 3372 copia
368 3252 473 3371 rupes
501 3277 683 3348 basalticae
710 3286 887 3362 ornantur,
920 3278 965 3346 ita
997 3285 1031 3345 ut
1065 3277 1240 3348 excelsum
1275 3297 1359 3347 sane
1386 3284 1489 3369 atque
1515 3278 1747 3349 admirabilem
1773 3276 1964 3370 praebeant
1988 3276 2051 3347 ad·

240 3414 405 3497 spectum.
456 3404 587 3488 Quibus
615 3405 647 3474 in
674 3406 775 3490 locis,
803 3425 907 3498 quum
934 3425 1075 3497 semper
1101 3403 1228 3474 humidi
1255 3411 1290 3474 et
1316 3404 1468 3474 umbrosi
1495 3406 1574 3490 sint,
1608 3405 1732 3475 multae
1759 3404 2051 3475 aestimatissimae

240 3532 484 3603 mollusoorum
510 3531 648 3624 species
674 3532 805 3615 vivunt,
838 3541 873 3600 et
904 3531 978 3601 sine
1012 3531 1118 3602 dubio
1146 3532 1265 3602 raritas
1291 3532 1527 3601 nonnullarum
1554 3553 1599 3602 ex
1631 3553 1673 3603 ea
1706 3553 1743 3602 re
1776 3530 1921 3624 pendet,
1956 3530 2050 3624 quod

241 3678 345 3751 rupes
372 3678 456 3749 quas
482 3657 640 3742 incolunt,
668 3658 802 3728 nonnisi
830 3657 976 3727 maxima
1002 3680 1080 3728 omn
1106 3656 1301 3728 difficultate
1329 3659 1445 3750 attingi
1471 3667 1623 3752 possunt.

396 3784 536 3854 Coelum
562 3782 767 3854 bladerense
796 3805 864 3855 non
893 3792 946 3854 est
971 3785 1156 3876 tropicum:
1184 3805 1287 3876 quum
1313 3785 1421 3855 insula
1446 3786 1506 3854 t0⁰
1525 3805 1545 3854 a
1567 3784 1695 3855 circulo
1716 3784 1878 3855 solstitiali
1900 3793 2050 3877 septem-

242 3912 376 3983 trionali
401 3920 532 3980 remota
559 3911 615 3993 sit,
649 3911 786 3981 lenitate
819 3918 922 4002 atque
956 3911 1145 3981 constantia
1178 3912 1320 3982 lorsitan
1349 3910 1461 3981 omnia
1488 3910 1582 3982 orbis
1608 3919 1775 3980 terrarum
1801 3911 1878 3982 loca
1905 3920 2051 4004 superat.

242 4038 308 4109 Per
335 4057 461 4109 novem
488 4037 578 4106 enim
603 4059 757 4121 menses,
784 4076 835 4088 -
861 4037 904 4106 ab
932 4035 1084 4107 Octobre
1112 4039 1191 4107 anni
1222 4039 1317 4109 t850
1345 4059 1455 4130 usque
1482 4035 1527 4107 ad
1552 4037 1684 4109 lunium
1711 4039 1789 4107 anni
1819 4038 1909 4107 l85l
1945 4074 1989 4089 -
2019 4040 2049 4106 in

241 4163 486 4236 thermometro
514 4163 762 4233 Reaumuriano
798 4173 919 4233 statum
952 4165 1099 4234 maxime
1134 4164 1321 4235 demissum
1351 4167 1372 4234 8
1401 4163 1569 4256 graduum
1605 4162 1661 4235 die
1693 4165 1807 4257 aliquo
1833 4165 1962 4233 mensis
1988 4163 2052 4234 Fe-

242 4291 367 4362 bruarii
394 4290 586 4360 turbulento
613 4299 716 4382 atque
742 4290 917 4382 pluvioso,
951 4290 1148 4360 altissimum
1175 4292 1223 4363 22
1251 4291 1420 4385 graduum
1446 4291 1584 4362 ineunte
1609 4289 1708 4361 Junio
1735 4290 1927 4360 observavi.
1979 4290 2050 4360 Sed

243 4427 332 4488 tanta
353 4417 546 4487 discrimina
563 4436 642 4487 raro
664 4426 856 4501 occurrunt,
884 4438 998 4509 neque
1026 4426 1278 4509 temperaturae
1304 4419 1401 4489 uices
1428 4418 1515 4488 inter
1534 4415 1711 4488 meridiem
1738 4425 1774 4487 et
1799 4413 1946 4487 mediam
1967 4438 2051 4486 noc·

244 4555 312 4615 tem
341 4546 363 4613 l
391 4544 519 4636 gradus
546 4563 694 4635 unquam
722 4542 903 4613 excedunt.

397 4670 506 4754 Quam
533 4670 660 4742 sensim
688 4679 722 4739 et
748 4670 918 4761 paullatim
945 4678 1173 4761 temperatura
1200 4674 1366 4742 mensium
1393 4680 1554 4753 mutetur,
1588 4671 1700 4741 tabula
1728 4692 1894 4765 sequens,
1929 4672 2051 4742 obser·

244 4797 416 4867 rationum
444 4820 596 4868 mearum
622 4817 786 4866 summam
814 4797 1002 4867 continens.
1030 4797 1184 4868 docebit:
