4808 6172
1049 571 1229 698 'lt

301 781 480 871 venusque
505 778 634 861 sensim
661 776 894 853 remotaer'at.
934 775 1045 863 Quum
1065 797 1151 850 vero
1171 777 1355 849 stalactitae
1381 777 1458 854 illue
1484 797 1629 871 prorsus
1655 778 1809 870 integrae
1831 784 1957 860 essent,
1983 774 2107 845 multae

302 925 443 999 quoqne
470 902 733 976 ramilicationes
760 904 931 976 arboreae
957 902 1025 976 boc
1051 905 1130 976 loco
1164 903 1322 991 aderant,
1356 925 1423 998 qua
1457 902 1503 974 de
1536 919 1640 992 causa
1672 901 1860 998 nararcbus
1886 900 2106 984 Bowdich,

302 1053 403 1125 quem
429 1031 575 1125 primum
601 1031 781 1125 regionum
808 1032 937 1105 illarum
964 1032 1113 1103 notitiam
1133 1033 1166 1102 in
1185 1033 1356 1126 Europam
1379 1038 1579 1125 reportasse
1600 1030 1718 1117 credo,
1745 1031 1873 1126 sylvam
1901 1028 2052 1098 fossilem
2075 1029 2105 1096 iu

302 1158 444 1229 Modera
470 1159 645 1252 reperisse
672 1157 856 1229 affirmavit
870 1154 902 1251 *)
1585 1238 1588 1242 .
1675 1236 1678 1241 ,
1801 1234 1802 1239 η

453 1286 479 1357 E
506 1284 793 1378 disquisitionibus
826 1284 871 1356 ab
904 1285 1015 1357 amico
1047 1286 1223 1357 carissimo
1252 1285 1290 1357 0.
1306 1286 1423 1370 11111,
1453 1283 1657 1378 professore
1689 1282 1905 1354 meritissimo
1937 1281 2105 1373 ligurino,

301 1436 369 1508 quo
398 1415 430 1484 in
458 1412 597 1485 Madera
622 1419 779 1489 versatus
807 1413 932 1484 comite
958 1411 1168 1505 gaudebam,
1199 1413 1346 1483 maxima
1371 1432 1448 1483 cum
1476 1411 1660 1505 sagacitate
1686 1410 1857 1494 institutis,
1883 1408 2010 1478 insulas
2037 1407 2106 1475 lfa-

300 1540 469 1612 derenses
495 1539 684 1611 vetustiore
708 1537 856 1633 periodo
883 1537 1029 1610 diluviali
1055 1549 1148 1613 ortas
1175 1561 1256 1611 esse
1281 1547 1390 1632 patet;
1416 1538 1513 1628 cujus
1540 1539 1590 1610 rei
1615 1538 1746 1614 ratione
1772 1536 1886 1614 habita
1911 1556 2015 1629 quum
2040 1553 2105 1625 po·

248 1736 251 1742 .
300 1668 465 1738 statiores
492 1667 700 1760 eruptiones
717 1665 899 1737 basalticas
925 1667 1108 1738 recentiori
1133 1664 1282 1760 periodo
1310 1666 1458 1740 diluviali
1484 1663 1717 1737 attribuendas
1739 1678 1821 1736 esse
1845 1662 2028 1734 verisimile
2054 1660 2105 1743 sit,

300 1795 405 1865 calcis
432 1792 661 1884 interjacentis
687 1792 877 1863 aetasboc
903 1791 1010 1864 modo
1038 1792 1289 1865 determinatur.

453 1919 666 2011 Quamquam
693 1937 778 1989 vero
800 1927 938 1989 stratum
967 1921 1148 1993 calcarium
1168 1930 1204 1991 et
1223 1920 1389 1990 mollusca
1415 1917 1544 2007 fossilia
1571 1916 1733 2008 ejusdem·
1755 1939 1836 1989 esse
1863 1919 1981 1988 aetatis
2010 1923 2103 1984 certe

299 2047 438 2140 probari
466 2067 534 2118 non
563 2056 686 2140 potest,
711 2045 964 2140 respiciendum
990 2055 1102 2140 tamen
1124 2046 1202 2117 mibi
1229 2045 1372 2130 videtur,
1400 2044 1525 2116 eudem
1552 2046 1632 2116 loco
1653 2043 1846 2136 eademque
1866 2064 1980 2114 mussa
2006 2043 2104 2111 iuvu-

299 2174 367 2244 luta
395 2194 436 2244 ea
464 2175 623 2267 reperiri;
657 2174 711 2244 cui
743 2174 794 2245 rei
827 2171 962 2243 accedit
986 2183 1023 2243 ut
1047 2175 1180 2268 singula
1206 2175 1371 2245 mollusca
1399 2173 1497 2244 etiam
1525 2159 1610 2242 calci
1636 2148 1854 2243 adhaereant
1899 2170 1936 2243 ld
1963 2190 2102 2262 quoque

300 2298 507 2385 concedam,
540 2300 793 2393 posterioribus
819 2278 959 2372 demum
984 2301 1195 2394 temporibus
1222 2301 1403 2385 stalactitas
1430 2300 1605 2370 calcareas
1625 2306 1726 2370 ortas
1753 2319 1835 2371 esse
1859 2307 1962 2390 atque
1988 2294 2103 2366 Tulfae

300 2427 469 2497 elementa
495 2448 572 2497 cum
599 2427 772 2498 mollescis
799 2427 957 2497 involutis
983 2427 1016 2497 iu
1043 2447 1083 2497 se
1111 2429 1288 2522 recepisse
1314 2447 1438 2521 posse;
1464 2425 1678 2524 nibilominus
1704 2434 1818 2496 autem
1845 2425 1975 2496 calcem
2002 2434 2104 2515 atque

300 2561 440 2623 stratum
465 2551 712 2625 molluscorum
738 2574 808 2624 uno
822 2553 1034 2647 eodemque
1060 2563 1217 2648 tempore
1245 2553 1403 2648 deposita
1421 2523 1596 2639 ‚existimo
1622 2553 1701 2646 quia
1727 2553 1802 2623 sine
1828 2550 1933 2623 dubio
1961 2549 2103 2620 inunda-

298 2680 391 2750 tione
418 2681 521 2751 maris
548 2687 716 2774 exparte
742 2680 946 2752 occidentali
971 2701 1161 2774 progressa
1187 2680 1310 2752 effecta
1335 2690 1423 2752 sunt.
1461 2680 1627 2754 Imbribus
1654 2680 1745 2751 euim
1761 2678 1920 2751 violentis
1939 2678 2104 2748 mullusca

299 2827 367 2877 non
395 2806 506 2877 solum
533 2828 578 2878 ex
604 2807 776 2879 montibus
802 2807 936 2893 ticinis,
969 2808 1157 2901 praecipue
1189 2808 1317 2880 ePico
1345 2806 1525 2893 castanbu,
1559 2804 1622 2879 sed
1657 2806 1757 2878 etiam
1790 2826 1836 2877 ex
1861 2802 2102 2876 remotioribus

297 2935 402 3026 partis
429 2933 660 3005 meridionalis
687 2933 828 3027 rupibus
854 2955 920 3005 una
948 2954 1025 3004 cum
1050 2933 1143 3005 'luffa
1169 2934 1324 3006 abscissa
1350 2936 1382 3005 in
1408 2955 1504 3005 mare
1531 2933 1658 3019 delata,
1687 2932 1814 3004 ‹leinde
1839 2939 2043 3025 tempestate
2070 2930 2102 2997 iu

299 3061 422 3152 ligulae
449 3061 560 3131 sinum
586 3061 759 3153 propulsa,
786 3070 856 3131 tum
881 3081 968 3132 vero
993 3062 1097 3131 maris
1123 3052 1398 3135 inundationibus
1424 3062 1457 3131 in
1483 3059 1759 3155 profundissimis
1786 3059 1909 3153 ligulae
1936 3054 2104 3127 11111111-

299 3188 409 3280 posita
438 3208 528 3272 esse,
555 3187 734 3280 probabile
761 3185 839 3257 mibi
864 3185 1008 3259 videtur.
1046 3188 1130 3258 Nam
1148 3185 1254 3258 hodie
1275 3210 1415 3283 quoque
1436 3189 1574 3282 saepius
1591 3198 1672 3282 post
1690 3208 1836 3281 magnos
1862 3186 1990 3272 imbres
2010 3204 2103 3252 mare

298 3336 363 3407 per
389 3316 470 3385 satis
496 3323 629 3384 vastum
656 3315 800 3407 spatium
827 3315 976 3385 immissa
995 3313 1088 3386 Tutia
1115 3315 1326 3387 rubefactum
1346 3327 1504 3409 apparet,
1525 3321 1733 3409 semperque
1757 3336 1834 3384 cum
1859 3311 2022 3383 imbribus
2042 3310 2104 3379 illis

300 3450 521 3534 tempestates
548 3441 675 3512 africae
702 3462 741 3513 se
769 3441 988 3534 coniungunt
1025 3440 1122 3524 Quae
1145 3443 1355 3536 comparatio
1378 3442 1589 3513 conveniens
1615 3462 1686 3537 nou
1714 3449 1816 3527 esset,
1843 3441 1906 3510 nisi
1931 3438 1966 3508 id
1994 3438 2103 3530 respi-

300 3589 473 3641 carenos
500 3575 693 3660 oporteret,
728 3566 980 3661 catastropham
1007 3567 1103 3657 cujus
1130 3570 1297 3640 mollusca
1326 3568 1582 3644 innumerabilia
1608 3567 1674 3639 illic
1700 3567 1991 3661 depositatestes
2018 3573 2104 3646 sunt,

299 3696 399 3766 talem
426 3695 541 3777 fuisse,
569 3693 674 3786 qualis
701 3716 746 3765 ex
771 3694 823 3780 iis,
848 3715 939 3787 quae
965 3695 1090 3766 nostris
1116 3695 1330 3788 temporibus
1357 3694 1522 3780 accidunt,
1551 3716 1594 3766 ne
1621 3695 1763 3788 cogitari
1789 3694 1928 3788 qudem
1954 3702 2077 3787 potest

450 3821 576 3897 Tullum
604 3822 769 3892 mollusca
794 3819 1041 3907 includentem,
1074 3823 1272 3915 priusquam
1306 3821 1464 3915 deposita
1497 3823 1609 3908 fuerit,
1642 3824 1677 3893 in
1703 3845 1798 3895 mare
1826 3821 2103 3895 circumvolutam

300 3968 395 4033 esse,
428 3968 499 4018 non
526 3959 579 4019 est
606 3947 761 4029 dubium;
794 3968 872 4016 nam
899 3969 969 4041 quo
1002 3949 1068 4019 alio
1101 3949 1207 4019 modo
1234 3959 1302 4018 tam
1329 3948 1494 4019 subtiliter
1521 3950 1664 4021 contrita
1691 3959 1725 4020 et
1751 3969 1870 4020 rursus
1896 3946 1941 4017 ad
1968 3947 2104 4017 mollem

300 4083 333 4143 et
359 4074 503 4144 solutam
530 4070 679 4145 m'assam'
705 4073 962 4166 conglomerata
989 4096 1069 4146 esse
1096 4076 1229 4169 possit?
1262 4076 1385 4146 Contra
1413 4095 1455 4146 ea
1483 4096 1593 4169 saepe
1612 4087 1655 4155 ‚et
1680 4078 1725 4148 ab
1750 4078 1795 4149 lll.
1813 4072 1988 4168 Luwe**)
2016 4093 2104 4165 quo—

300 4221 383 4292 que,
416 4201 450 4271 in
476 4210 583 4272 strato
609 4201 794 4272 fossiliferu
819 4221 932 4294 prope
958 4202 1093 4288 Canical
1125 4203 1300 4273 terrestria
1324 4212 1451 4273 tantum
1478 4204 1643 4305 mollusca
1669 4205 1814 4297 reperiri
1839 4201 2037 4283 affirmatur,
2070 4198 2103 4266 id

299 4324 393 4419 quod
422 4347 491 4397 non
519 4322 683 4398 acciderit
708 4328 738 4396 si
763 4348 858 4398 mare
885 4327 1078 4421 depositum
1106 4329 1286 4402 effecisset.
1326 4331 1366 4400 lt
1387 4328 1465 4401 huic
1484 4331 1636 4424 opinioni
1657 4315 1917 4423 repugnandum
1939 4336 2000 4412 est,
2028 4348 2104 4396 111111

299 4464 368 4524 tum
394 4455 427 4524 in
454 4453 569 4525 Tudae
596 4463 702 4524 strato
729 4455 821 4547 ipsu,
842 4477 958 4547 uuum
990 4458 1024 4526 in
1051 4457 1188 4542 sabulo,
1223 4477 1293 4550 quo
1326 4457 1497 4532 mollusca
1525 4458 1652 4528 fossilia
1684 4477 1829 4551 prorsus
1855 4455 1991 4548 expleta
2019 4462 2105 4535 sunt,

298 4601 455 4672 magnam
483 4582 685 4676 exiguorum
712 4580 955 4653 molluscorum
977 4585 1185 4655 marinorum
1204 4585 1339 4677 copiam
1365 4604 1432 4658 uua
1455 4603 1531 4668 cum
1554 4582 1749 4669 Glandinae,
1775 4583 1901 4677 Pupae,
1928 4582 2107 4676 Cyclosto-

299 4706 396 4776 matis
423 4705 608 4799 speciebus
637 4708 759 4800 reperi
805 4707 897 4778 Sane
923 4711 1131 4804 microscopi
1157 4720 1284 4781 tantum
1313 4731 1381 4803 ope
1408 4711 1576 4801 cognosci
1601 4688 1795 4802 potuerunt,
1817 4719 1964 4781 atamen
1992 4709 2106 4802 speci-

198 4818 201 4823 ’
299 4832 388 4902 mina
416 4832 571 4925 quamvis
599 4835 735 4904 minima
761 4855 928 4926 generum
954 4837 1090 4922 Murex,
1117 4836 1285 4922 Trochus,
1312 4838 1462 4922 Lacuna,
1487 4821 1622 4922 Venus,
1649 4836 1830 4909 Ceritbiurri
1855 4858 1969 4930 neque
1996 4837 2105 4904 minus

299 4957 501 5030 Echinorum
528 4960 638 5030 aculei
664 4960 766 5031 maris
792 4961 1047 5051 inundationem
1073 4966 1155 5033 satis
1182 4963 1460 5057 comprobarunt
1513 4962 1655 5035 Generis
1682 4964 1829 5036 Patellae
1856 4984 1996 5057 quoque
2024 4983 2105 5053 spe·

300 5087 372 5156 cies
400 5086 490 5156 circa
517 5085 690 5157 Maderam
717 5086 831 5160 adbuc
847 5090 1035 5182 frequens,
1062 5091 1285 5162 verisimiliter
1311 5090 1345 5160 P.
1372 5088 1562 5162 scutellaria
1587 5090 1678 5162 bam
1694 5112 1774 5184 ‘qua
1798 5092 1931 5164 incolae
1958 5110 2105 5160 vescun-

356 5274 384 5346 *)
404 5273 523 5330 Edwurd
537 5273 668 5330 1111111111
682 5274 749 5346 Esq.
764 5274 929 5336 Excursium
944 5275 972 5333 in
986 5276 1108 5334 bledein
1121 5278 1175 5335 and
1189 5278 1274 5336 Porto
1287 5276 1381 5346 stato,
1396 5277 1494 5350 during
1508 5278 1555 5334 the
1571 5285 1685 5336 autumn
1703 5280 1734 5336 of
1747 5275 1836 5335 1823.
1859 5277 1974 5334 London
1991 5277 2081 5333 1825.

342 5367 388 5440 ⁵⁴)
409 5368 492 5425 Lowe
507 5367 647 5425 Primitiae
661 5367 679 5422 1.
695 5384 719 5423 1.
738 5385 765 5439 p.
779 5369 828 5425 64.
1232 5360 1235 5365 ’
1513 5374 1515 5379 ’
1856 5404 1861 5411 .
