4808 6172
1172 530 1218 641 ’03

293 789 488 873 porrectus;
515 789 674 872 apertura
701 779 799 849 latior
826 787 928 871 atque
956 777 1091 869 longior
1117 786 1150 847 et
1176 776 1313 846 alterius
1341 785 1479 846 nostrae
1502 777 1632 867 speciei
1659 785 1841 868 aperturae
1870 779 2016 860 similior,
2043 781 2099 848 cui

294 918 473 999 praeterea
500 905 707 975 anfractibus
733 905 873 975 internis
901 923 970 972 non
997 922 1141 996 prorsus
1169 902 1294 972 clausis
1321 900 1430 972 affinis
1458 911 1518 972 est.

445 1043 543 1110 Anno
575 1041 670 1110 1816
699 1040 743 1109 111.
763 1036 873 1108 Gould
896 1034 982 1129 (10.)
1010 1037 1162 1129 speciem
1190 1036 1440 1121 maderensem,
1467 1037 1512 1106 de
1540 1057 1607 1129 qua
1633 1037 1740 1107 verha
1768 1038 1918 1124 fecimus,
1945 1038 2100 1130 descrip-

294 1171 342 1252 sit,
370 1188 472 1259 qaam
499 1168 583 1237 lalse
611 1165 697 1236 duas
725 1167 757 1234 in
784 1164 936 1256 species,
972 1163 1048 1232 Vitr.
1076 1163 1214 1233 nitidam
1240 1173 1274 1234 et
1301 1164 1377 1233 Vitr.
1404 1162 1589 1234 marcidam
1615 1164 1793 1256 separavit
1848 1165 1924 1237 Vitr.
1951 1164 2101 1236 marcida

295 1296 383 1364 enim
410 1294 545 1363 nonnisi
573 1302 704 1362 mortua
725 1290 829 1383 (unde
851 1291 972 1384 opaca)
1002 1312 1115 1385 neque
1141 1311 1285 1384 prorsus
1312 1290 1425 1361 adulta
1452 1289 1609 1379 ejusdem
1636 1292 1767 1383 speciei
1792 1292 1978 1385 specimina
2005 1314 2102 1363 com-

295 1423 466 1513 plectitur;
493 1440 560 1511 qua
587 1419 632 1488 de
660 1439 763 1489 causa
790 1427 930 1488 nostrae
958 1419 1087 1510 speciei
1115 1440 1241 1488 nomen
1270 1419 1347 1487 Vitr.
1374 1415 1499 1487 nitidae
1527 1414 1637 1487 Gould
1664 1415 1917 1488 vindicavimus.

450 1555 559 1622 Altera
588 1575 673 1623 vero
701 1554 847 1646 species,
874 1573 895 1621 3
917 1553 997 1622 Rev.
1018 1552 1126 1622 Lowe
1155 1552 1232 1622 Vitr.
1252 1551 1368 1622 Behnii
1396 1551 1576 1634 nominata,
1603 1561 1636 1622 et
1662 1555 1737 1644 ipsa
1763 1552 1807 1622 ah
1833 1552 1876 1622 111.
1897 1551 2006 1624 Gould
2035 1578 2102 1625 una

297 1704 373 1751 curu
401 1678 621 1771 praecedenti
655 1680 792 1749 nomine
820 1679 897 1748 Vitr.
926 1680 1093 1748 ruivensis
1120 1678 1298 1772 Couthouy
1332 1677 1506 1770 descripta
1537 1687 1606 1760 est,
1640 1678 1735 1770 quod
1770 1699 1895 1750 nomen
1929 1683 2102 1773 prioritate

297 1807 462 1897 gaudens,
491 1805 767 1876 conservandum
794 1806 894 1876 nohis
922 1826 1002 1876 esse
1029 1806 1172 1875 videtur.

450 1941 597 2032 Utraque
619 1941 756 2034 species
775 1941 971 2033 promiscue
991 1941 1024 2009 in
1044 1939 1130 2008 locis
1149 1937 1294 2007 humidis
1314 1949 1416 2031 atque
1439 1939 1609 2008 umbrosis
1631 1940 1718 2023 vivit,
1737 1940 1794 2009 uhi
1815 1942 2017 2034 plerumque
2038 1943 2103 2012 suh

299 2068 481 2162 lapidibus,
516 2068 580 2138 sed
613 2088 786 2159 nunquam
812 2068 897 2137 10103
930 2064 1136 2138 altitudinem
1165 2066 1263 2135 2000
1290 2063 1370 2158 ped.
1397 2067 1574 2158 reperitur.
1626 2065 1838 2159 Frequenter
1864 2070 1958 2138 enim-
1980 2090 2104 2140 occur-

300 2205 374 2265 runt
400 2195 553 2264 animalia
572 2194 624 2264 illa
646 2196 677 2264 in
697 2194 834 2264 lliheiro
855 2195 918 2264 irio
943 2187 1078 2285 (2500')
1101 2194 1132 2262 in
1155 2193 1257 2263 Serra
1279 2193 1345 2261 San
1367 2193 1512 2262 Antonio
1536 2186 1672 2285 (3000')
1694 2194 1726 2263 in
1747 2194 1828 2265 Pico
1849 2182 1946 2265 ruiv‘o
1969 2191 2103 2288 (tooo')

300 2323 356 2391 uhi
384 2324 415 2390 in
443 2320 995 2415 0011011013001000000000010
1023 2320 1245 2412 reperiuntur.
1298 2319 1394 2402 Quae
1421 2322 1607 2412 specimina
1634 2321 1677 2390 111.
1704 2319 1814 2392 Gould
1842 2322 2036 2416 descripsit,
2071 2326 2103 2392 in

300 2448 416 2519 ltoche
444 2447 490 2517 de
517 2446 667 2540 Emporia
694 2442 829 2540 (4250')
856 2457 993 2540 reperta
1021 2455 1106 2515 sunt.

453 2582 550 2665 Quae
577 2582 731 2652 animalia
758 2604 861 2674 quum
895 2581 958 2650 sub
992 2578 1160 2674 lapidibus
1187 2581 1396 2671 quiescentia
1425 2581 1653 2673 reperiuntur,
1686 2550 1786 2672 pallio
1814 2593 1934 2654 testam
1961 2606 2106 2676 prorsus

302 2721 454 2802 tegente,
482 2709 604 2778 Limaci
632 2716 809 2779 contracto
836 2708 999 2778 simillima
1026 2716 1201 2801 apparent.
1253 2706 1379 2776 Colore
1406 2717 1483 2776 sunt
1510 2709 1659 2790 cinereo,
1687 2707 1763 2778 Vitr.
1791 2709 1893 2780 nitida
1919 2711 2055 2803 quidem
2086 2735 2107 2780 0

302 2837 608 2918 rubro-testaceo,
642 2835 720 2905 Vitr.
747 2835 913 2905 ruiveusis
945 2845 1058 2905 autem
1091 2856 1111 2904 e
1145 2833 1345 2926 nigricante,
1380 2833 1551 2903 anteriore
1586 2836 1786 2926 praesertim
1819 2838 1976 2930 corporis
2009 2847 2107 2929 parte

302 2963 483 3033 obscurius
509 2962 683 3032 maculata.
736 2961 824 3031 Satis
851 2962 1010 3033 celeriter
1037 2982 1161 3054 repere
1189 2961 1314 3044 solent,
1349 2961 1503 3052 quamvis
1530 2968 1621 3030 13013
1647 2961 1818 3032 alacritate
1845 2973 1979 3055 egeant,
2006 2986 2108 3056 quac,

303 3089 449 3183 exempli
477 3109 591 3172 causa,
617 3087 694 3157 Vitr.
721 3088 913 3182 pellucidae
939 3091 1079 3183 propria
1107 3095 1174 3167 est;
1201 3086 1393 3178 procedunt
1420 3107 1503 3157 vere
1530 3087 1664 3157 nonnisi
1690 3088 1801 3180 capite
1827 3098 1984 3176 retracto,
2012 3092 2109 3184 quod

303 3229 371 3286 tum
400 3217 509 3286 solum
539 3238 603 3285 una
632 3237 707 3285 cum
736 3216 913 3286 tentaculis
941 3217 1133 3309 porrigunt,
1167 3234 1286 3304 quum,
1314 3213 1411 3304 quasi
1438 3214 1594 3283 locorum
1622 3212 1851 3286 conditionem
1879 3219 2109 3311 exploratura,

304 3347 502 3415 consistunt.
541 3344 745 3413 Carnivoras
773 3363 854 3412 esse
875 3342 1017 3411 Vitrinas
1040 3341 1111 3431 jam
1131 3341 1211 3410 Rev.
1232 3339 1340 3410 Lowe
1364 3340 1576 3410 observavit:
1604 3343 1635 3410 in
1663 3341 1855 3434 captivitate
1881 3345 2000 3415 saltem
2022 3346 2110 3416 mol-

304 3474 399 3541 lnsca
426 3471 556 3540 minora
584 3491 660 3539 cum
688 3469 770 3561 ipsis
796 3469 940 3551 inclusa,
970 3468 1161 3559 junioribus
1189 3465 1346 3555 ejusdem
1379 3468 1508 3560 speciei
1542 3487 1610 3538 non
1645 3470 1815 3561 exceptis,
1850 3479 1972 3541 testam
2000 3473 2111 3542 solam

307 3601 538 3690 relinquentes
564 3596 662 3666 brevi
689 3605 845 3688 tempore
874 3594 1066 3665 comedunt.

460 3723 608 3816 Utraque
636 3721 772 3814 species
800 3721 923 3791 eadem
951 3723 1030 3791 1000
1051 3731 1177 3790 0131000
1205 3729 1272 3804 est,
1300 3719 1543 3811 longitudinem
1572 3723 1661 3792 enim
1693 3724 1739 3814 l}
1766 3723 1876 3816 pollio.
1904 3724 2113 3819 adsequitur.

306 3854 409 3940 llujus
437 3850 595 3942 corporis
622 3847 848 3941 amplitudinis
877 3850 1007 3919 ratione
1033 3846 1161 3931 hahita,
1194 3849 1252 3917 vix
1279 3846 1402 3916 credas
1434 3847 1509 3917 lieri
1544 3869 1667 3940 posse,
1703 3859 1737 3918 ut
1770 3852 1890 3921 animal
1924 3855 1956 3922 in
1989 3865 2112 3923 testam

307 3979 460 4073 pusillam
489 3976 793 4068 10001500111100.
821 3977 1028 4047 1000101000
1055 3997 1094 4045 se
1122 3973 1296 4045 retrahere
1324 3976 1440 4065 possit,
1469 3976 1593 4067 exigua
1619 3986 1745 4046 tantum
1766 3988 1872 4069 parte,
1900 4001 1987 4072 quae
2009 3981 2113 4072 pallio

307 4109 446 4199 tegitur,
475 4110 629 4194 excepta.
682 4099 901 4171 Nihilominus
928 4122 1013 4171 vero
1041 4123 1098 4171 res
1125 4103 1168 4172 ita
1196 4123 1235 4171 se
1263 4100 1379 4182 hahet,
1407 4123 1510 4193 quum
1538 4123 1606 4172 oon
1635 4105 1744 4175 solum
1773 4127 1900 4199 corpus
1926 4127 2048 4198 magna
2072 4110 2115 4176 sit

308 4233 444 4303 mollitie
471 4239 574 4323 atque
600 4229 745 4309 laxitate,
773 4227 835 4296 sed
864 4227 963 4297 etiarn
983 4229 1104 4298 animal
1132 4229 1163 4297 10
1185 4239 1305 4298 testam
1326 4248 1364 4295 se
1387 4226 1564 4298 retrahens
1585 4240 1702 4301 aerem
1722 4255 1766 4303 ex
1785 4235 1992 4326 amplissimo
2014 4245 2113 4303 antro

311 4357 532 4450 respiratorio
561 4355 717 4449 expellat.

462 4485 620 4554 Ceterum
647 4493 836 4575 perpetuus
857 4480 977 4551 humor
998 4483 1085 4552 vitae
1108 4480 1258 4551 conditio
1286 4483 1482 4551 necessaria
1503 4481 1635 4553 Vitrinis
1662 4485 1724 4555 illis
1752 4509 1831 4558 esse
1859 4487 2000 4571 videtur,
2027 4491 2114 4558 sicut

313 4613 450 4680 omnino
477 4611 680 4681 tenerrimae
707 4619 809 4701 atque
835 4607 1097 4679 delicatissimae
1124 4616 1202 4679 sunt
1228 4619 1382 4686 naturae;
1409 4628 1476 4699 qua
1505 4607 1549 4679 de
1577 4632 1680 4682 causa
1708 4615 1738 4682 in
1767 4615 1957 4706 captivitate
1979 4616 2115 4684 nonnisi

313 4738 456 4807 maxima
485 4756 559 4805 cam
587 4735 781 4807 difficultate
811 4736 927 4805 salvae
956 4737 1155 4807 conservari
1183 4744 1336 4828 possunt.
1388 4733 1457 4802 Nisi
1485 4737 1573 4805 enim
1601 4740 1738 4823 scatula,
1766 4741 1797 4808 in
1825 4763 1891 4832 qua
1919 4762 1963 4811 ex
1990 4762 2116 4812 excur-

314 4867 411 4934 sione
440 4861 578 4931 00000ιο
610 4873 898 4956 transportantur,
931 4883 1052 4933 musco
1086 4861 1224 4932 humido
1259 4861 1390 4952 0001013
1424 4872 1491 4945 001,
1524 4864 1694 4934 adversus
1728 4886 1863 4936 omnem
1897 4890 2012 4938 curam
2044 4889 2114 4939 non

314 4998 527 5070 recreantur,
562 4987 624 5056 sod
659 5012 808 5084 corpore
843 4990 1071 5082 subporrecto
1105 4989 1178 5058 sine
1212 4989 1280 5058 ullo
1314 4998 1409 5058 motu
1443 5000 1632 5069 remanent;
1665 4992 1866 5084 superficies
1899 5016 1984 5065 vero
2018 4997 2117 5066 hrevi

315 5129 472 5209 tempore
499 5115 642 5185 nitorem
671 5138 848 5188 mucosum
874 5116 987 5210 perdit
1014 5127 1048 5187 01
1075 5116 1209 5209 pallium
1235 5117 1405 5209 paullatim
1433 5116 1477 5187 de
1504 5127 1592 5186 testa
1619 5117 1811 5189 detrahitur.
1852 5121 1927 5204 Qua
1948 5144 2116 5193 excausa

316 5263 485 5334 nunquam
513 5239 592 5311 milri
620 5243 772 5333 contigit,
807 5253 841 5313 ut
868 5245 958 5314 omni
987 5265 1067 5314 cura
1094 5241 1241 5313 adhibita
1268 5244 1419 5314 animalia
1447 5243 1590 5335 amplius
1618 5243 1753 5315 duobus
1780 5247 1902 5317 diehus
1931 5251 2118 5319 11νο000-

315 5390 500 5448 servarcm,
528 5369 591 5440 sed
620 5369 718 5438 tertio
747 5390 883 5461 semper
910 5381 997 5441 testa
1025 5369 1205 5454 denudata,
1234 5382 1364 5442 mortua
1393 5371 1513 5461 reperi.
