4808 6172
954 1697 1456 1815 PRlElllT'lllllbll.

447 2360 666 2522 Priusquam
695 2436 931 2519 argumentum
957 2425 1057 2517 bujus
1085 2427 1242 2518 opusculi
1269 2428 1379 2519 ipsum
1406 2428 1598 2520 aggrediar,
1626 2430 1764 2499 adrem
1786 2438 1890 2498 totam
1910 2428 2031 2498 melius
2058 2429 2108 2497 in·

297 2555 524 2647 telligendam
551 2557 584 2625 in
612 2557 808 2625 universum
836 2553 1006 2647 quaedam
1034 2551 1079 2623 de
1106 2554 1222 2623 insulis
1242 2553 1503 2624 Maderensibus
1522 2556 1741 2648 praemittere
1762 2555 1852 2625 baud
1880 2555 1994 2624 inutile
2014 2564 2106 2648 puto.

297 2684 447 2767 Quarum
474 2684 658 2752 insularum
683 2681 829 2751 maxima
861 2689 963 2773 atque
998 2681 1272 2772 frequentissima
1299 2688 1352 2749 est
1378 2680 1534 2762 Madera;
1568 2681 1612 2751 ab
1647 2682 1700 2751 illa
1728 2703 1815 2752 vero
1844 2682 1954 2774 spatio
1983 2680 2106 2751 decem

297 2809 526 2880 milliariorum
553 2816 700 2892 remota,
732 2808 820 2878 inter
846 2807 1100 2900 septentriones
1127 2815 1162 2876 et
1195 2808 1362 2877 orientem
1389 2808 1499 2877 solem
1527 2816 1659 2900 spectat
1691 2808 1799 2878 insula
1827 2808 1955 2893 „Porto
1983 2810 2107 2891 sauto‚”

298 2935 408 3005 multis
435 2934 568 3027 exiguis
596 2944 630 3004 et
662 2935 736 3005 lere
770 2933 918 3005 desertis
951 2934 1068 3003 insulis
1096 2933 1311 3003 circumdata.
1364 2933 1399 3002 ln
1433 2933 1610 3005 meridiem
1643 2942 1755 3004 autem
1789 2943 1945 3029 spectant
1976 2935 2107 3003 insulae

297 3074 368 3132 tres
396 3070 430 3131 et
456 3061 552 3153 ipsae
580 3059 739 3130 desertae
766 3082 881 3153 neque
909 3062 1013 3130 multo
1035 3063 1122 3130 inter
1142 3081 1182 3130 se
1203 3069 1357 3130 remotae
1384 3059 1501 3144 „llbeo
1524 3060 1661 3132 dezerta
1683 3060 1802 3145 Cha0‚''
1829 3059 1947 3146 „llbeo
1968 3059 2106 3131 dezerta

297 3186 455 3280 grande‚‘’
482 3186 599 3272 „llheo
628 3185 766 3257 dezerta
793 3188 923 3279 uugi&
951 3209 1094 3281 quarum
1120 3189 1263 3281 primam
1290 3186 1452 3258 Maderae
1478 3188 1610 3258 insulae
1636 3188 1794 3281 proxime
1821 3189 1933 3270 sitam,
1966 3196 2107 3281 septen-

296 3316 484 3400 trionalem,
510 3314 641 3383 tertiam
668 3312 927 3385 meridionalem
954 3315 1072 3387 dicere
1099 3316 1220 3386 solent.
1272 3315 1322 3384 Ex
1350 3335 1392 3385 ea
1419 3315 1549 3386 insulae
1575 3314 1737 3385 Maderae
1764 3323 1877 3408 parte,
1904 3334 1994 3406 quae
2020 3314 2107 3383 inter

298 3443 465 3513 orientem
493 3449 527 3512 et
552 3437 730 3511 meridiem
757 3450 899 3532 spectat,
925 3441 1028 3534 ligula
1053 3463 1218 3535 passuum
1245 3442 1319 3512 lere
1340 3443 1491 3534 quinque
1511 3442 1649 3511 millium
1669 3441 1774 3533 longa
1799 3440 1931 3526 „Penta
1950 3440 2018 3510 San
2039 3440 2106 3511 Lo·

298 3569 424 3639 renzo''
452 3568 637 3653 nominata,
671 3568 704 3637 in
736 3588 831 3638 mare
865 3568 1006 3653 eminet,
1040 3568 1137 3658 cujus
1170 3576 1325 3639 extrema
1356 3590 1438 3662 pars
1472 3568 1516 3638 ab
1550 3568 1656 3637 insula
1683 3567 1823 3638 deserta
1849 3568 2106 3661 septentrionali

297 3695 396 3764 unius
422 3702 548 3764 tantum
576 3695 715 3765 milliarii
742 3694 853 3788 spatio
881 3703 1014 3764 remota
1041 3703 1103 3765 est.
1141 3694 1252 3778 Quum
1279 3716 1366 3764 vero
1393 3694 1496 3787 ligula
1521 3694 1575 3763 illa
1602 3703 1697 3765 recta
1722 3696 1777 3765 via
1803 3715 1881 3765 cum
1906 3694 2023 3763 insulis
2048 3696 2107 3763 tri-

297 3823 372 3907 bus,
399 3841 489 3913 quae
515 3823 678 3892 Dezertas
705 3830 887 3906 vocantur,
914 3820 958 3890 ad
985 3819 1163 3892 meridiem
1189 3828 1339 3912 spectet,
1367 3821 1483 3912 opinio
1510 3821 1569 3889 rix
1595 3820 1782 3911 rejicienda
1807 3818 1957 3907 ridetur,
1984 3842 2106 3891 omnes

297 3948 359 4018 has
386 3957 497 4017 terras
524 3947 603 4018 olim
630 3929 719 4019 inter
746 3969 785 4018 se
813 3947 1014 4038 conjunctas
1041 3950 1156 4032 luisse,
1183 3948 1238 4018 vel
1261 3956 1355 4018 certe
1378 3968 1445 4016 una
1466 3946 1660 4039 eademque
1687 3948 1867 4039 eruptione
1895 3957 1989 4017 ortas
2015 3968 2105 4019 esse.

453 4072 581 4143 Omnes
608 4075 681 4144 illus
708 4075 851 4160 insulas,
878 4075 924 4145 de
951 4076 1076 4167 quibus
1104 4074 1267 4159 diximus
1295 4073 1530 4166 eruptionibus
1556 4074 1739 4144 vulcanicis
1766 4083 1801 4144 et
1826 4075 2005 4144 nonnullas
2032 4077 2106 4167 qui—

299 4201 379 4271 dem
406 4198 450 4270 ad
477 4200 683 4272 altitudinem
718 4200 807 4271 baud
844 4200 1057 4273 mediocrem
1091 4224 1111 4272 e
1144 4202 1230 4271 mari
1263 4200 1413 4271 sublatas
1441 4221 1538 4285 esse,
1572 4200 1654 4270 satis
1681 4201 1852 4293 cognitum
1881 4211 1949 4271 est:
1983 4221 2104 4283 massa,

298 4348 399 4419 quam
426 4328 594 4399 Basaltem
622 4336 747 4399 vocant
780 4330 936 4421 geologi‚
971 4330 1109 4400 omnino
1137 4329 1351 4421 compositae
1384 4335 1477 4412 suut,
1512 4328 1569 4419 qui
1603 4348 1690 4397 vero
1716 4325 1809 4397 Tuffa
1840 4326 1918 4419 plus
1948 4327 2105 4397 minusve

300 4453 385 4523 dura
413 4452 621 4549 diverseque
649 4455 801 4525 colorata
828 4456 921 4526 vario
948 4454 1056 4526 ruodo
1083 4457 1289 4548 interruptus
1316 4463 1475 4546 apparet:
1502 4452 1589 4524 baec
1610 4452 1712 4538 Tuffa,
1738 4450 1876 4545 quando
1903 4452 2105 4546 superficies

300 4579 423 4651 ellectu
449 4582 540 4651 aeris
567 4580 765 4667 destruitur,
799 4582 909 4652 solum
943 4583 1181 4653 fertilissimum
1213 4588 1384 4674 procreat.
1435 4579 1621 4651 Praeterea
1651 4581 1684 4650 in
1712 4579 1942 4672 compluribus
1974 4582 2104 4651 insulae

298 4706 402 4776 Porto
430 4716 528 4778 santo
555 4708 650 4792 locis,
678 4709 781 4779 calcis
808 4717 842 4778 et
869 4710 968 4802 gypsi
995 4718 1085 4779 tanta
1108 4709 1207 4801 copia
1234 4708 1403 4802 reperitur
1429 4717 1464 4775 ut
1490 4707 1530 4776 iis
1555 4708 1602 4776 uti
1627 4706 1761 4799 possint
1785 4705 1928 4776 incolae.
1967 4707 2104 4777 Medera

300 4840 414 4902 autem
441 4833 548 4903 insula
575 4835 637 4904 illis
664 4843 774 4919 caret,
802 4844 951 4927 excepto
979 4844 1084 4906 struto
1112 4835 1260 4905 calcario
1287 4835 1398 4903 minus
1424 4834 1548 4926 amplo,
1576 4834 1607 4902 in
1634 4832 1735 4925 ligula
1762 4852 1866 4926 supra
1894 4855 2104 4904 commemo-

301 4967 372 5029 rata
403 4960 535 5051 posito,
574 4959 620 5030 de
653 4982 739 5053 quo,
775 4982 879 5053 quum
913 4963 1027 5054 magni
1060 4962 1221 5032 momenti
1258 4961 1300 5030 sit
1333 4959 1631 5054 conchyliologici‚
1669 4967 1793 5052 postea
1827 4960 1968 5031 uberius
2000 4961 2103 5031 verba

300 5086 472 5157 iaciemus.

453 5213 503 5283 Uti
532 5234 653 5282 omnes
679 5214 809 5283 insulae
835 5211 1002 5282 vulcanici
1031 5220 1141 5297 ortus,
1175 5215 1219 5283 ila
1246 5211 1469 5284 Madereuses
1496 5213 1689 5306 praeruptis
1716 5213 1857 5306 rupibus
1885 5213 2103 5284 circumcirca

301 5361 321 5408 e
347 5340 431 5409 mari
458 5361 498 5411 se
524 5339 652 5424 tollunt,
680 5348 712 5411 et
739 5341 858 5433 paucis
885 5347 1011 5408 tantum
1038 5339 1069 5407 in
1098 5339 1183 5410 locis
1204 5338 1314 5409 aditus
1335 5341 1510 5432 reperitur.
1551 5338 1625 5423 Qua
1653 5339 1698 5411 de
1725 5360 1829 5411 causa
1855 5339 1985 5411 insulae
2013 5340 2104 5424 „lle-

1757 5462 1772 5524 l
