4808 6172
1356 566 1377 635 2

463 773 595 842 certas*
623 772 751 856 dictae,
779 772 939 843 lladerae
975 772 1040 865 ipsi
1073 781 1141 841 tam
1168 774 1317 857 vicinae,
1351 773 1470 843 incolis
1498 773 1637 842 omnino
1665 781 1797 856 carent,
1831 774 2032 864 praesertim
2059 793 2162 864 quum
2196 772 2270 841 sola

464 920 551 991 aqua
579 900 715 992 pluviali
749 897 998 984 humectentur,
1032 897 1201 992 nudisque
1233 901 1326 970 saxis
1360 900 1529 970 basalticis
1564 899 1791 990 compositae,
1824 899 2055 970 tenuissimam
2081 899 2270 991 plantarum

463 1025 633 1096 humilium
660 1027 795 1119 copiam
821 1026 1019 1119 praebeant.

613 1152 753 1223 lladera
779 1153 887 1223 insula
912 1154 945 1222 in
979 1152 1223 1245 longitudinem
1257 1153 1480 1245 (exoriente
1509 1175 1631 1224 versus
1658 1153 1892 1247 occidentem)
1923 1151 1943 1221 7
1971 1152 2046 1221 mill.
2074 1172 2203 1244 geogr,
2238 1153 2269 1220 in

462 1280 669 1351 latitudinem
697 1279 755 1374 (ex
780 1279 958 1350 meridiem
985 1301 1108 1350 versus
1135 1278 1415 1372 septentrionem)
1445 1281 1466 1348 3
1495 1280 1569 1349 mill.
1596 1301 1716 1372 geogr.
1744 1289 1844 1373 patet,
1872 1281 2016 1350 turmam
2044 1279 2142 1371 igitur
2170 1277 2271 1348 habet

464 1405 865 1499 oblongo-quadratam;
893 1428 937 1477 ex
965 1407 1048 1475 mari
1075 1407 1145 1475 visa
1172 1406 1372 1499 adspectum
1395 1406 1539 1499 praebet
1558 1408 1636 1476 coni
1656 1407 1807 1477 basaltici
1828 1408 2014 1501 permagni,
2042 1406 2139 1496 cujus
2166 1426 2272 1497 rupes

464 1533 699 1626 eruptionibus
727 1533 976 1628 posterioribus
1003 1533 1227 1626 multipliciter
1253 1543 1481 1603 commutatae
1508 1543 1585 1602 sunt
1612 1535 1780 1627 cujtrsque
1807 1555 1972 1604 cacumen
1999 1534 2032 1602 in
2060 1530 2171 1603 media
2198 1532 2272 1601 iere

464 1659 571 1729 insula
599 1660 697 1729 situm
726 1670 786 1730 est.
826 1661 1001 1729 Summum
1028 1658 1118 1729 hunc
1145 1661 1247 1730 totius
1273 1661 1403 1730 insulae
1429 1673 1590 1746 urentem,
1617 1661 1698 1732 Pico
1724 1662 1833 1731 lluivo
1860 1661 2076 1743 nominatum,
2106 1668 2139 1728 et
2162 1651 2272 1726 6050'

465 1787 583 1876 (meus.
609 1785 747 1879 Anglic.)
776 1788 892 1872 altum,
926 1787 1122 1879 complures
1156 1787 1242 1857 aliae
1276 1786 1492 1879 eaedemque
1527 1788 1756 1880 amplissimae
1791 1809 1895 1879 rupes
1928 1786 2154 1869 circumdant,
2187 1785 2272 1854 inter

463 1933 550 2007 quas
578 1912 658 1982 Pico
687 1913 732 1983 dc
759 1915 877 1984 hriero
906 1909 1057 2007 (5893’),
1091 1915 1172 1985 Pico
1200 1915 1246 1985 de
1271 1912 1455 1984 Turrinhas
1483 1909 1636 2008 (5980'),
1669 1914 1750 1984 Pico
1778 1914 1841 1984 das
1867 1914 1984 1984 Bodes
2012 1907 2163 2006 (5725'),
2191 1912 2271 1981 Pico

464 2039 509 2110 ‹le
537 2040 680 2110 Canario
708 2033 860 2132 (stts'),
886 2040 968 2111 Pico
995 2041 1128 2133 grande
1156 2035 1291 2134 (5391')
1320 2043 1485 2112 memoria
1512 2040 1729 2132 dignissimas
1756 2042 1921 2112 existimo.
1974 2040 2049 2124 Qua
2077 2041 2272 2111 conforma-

463 2166 555 2236 tione
582 2167 633 2251 tit,
667 2177 702 2236 ut
727 2167 910 2238 interiores
943 2168 1072 2239 insulae
1100 2170 1263 2261 regiones
1289 2168 1514 2260 asperrimum
1541 2177 1643 2262 atque
1671 2169 1914 2260 confragosum
1942 2167 2145 2260 adspectum
2171 2188 2271 2259 prae·

464 2293 575 2377 beant,
604 2294 806 2387 praesertim
833 2315 937 2386 quum
964 2294 1166 2387 superficies
1192 2296 1327 2364 nonnisi
1354 2294 1562 2386 graminibus
1589 2297 1722 2389 asperis
1747 2297 1937 2388 paucisque
1964 2295 2107 2366 filicibus
2135 2294 2272 2364 obtecta

464 2428 637 2514 appareat.
689 2419 842 2490 Basaltes
877 2441 961 2491 vero
996 2442 1164 2514 nusquam
1195 2423 1228 2492 in
1262 2421 1496 2492 columnarum
1527 2422 1669 2492 modum
1701 2423 1950 2508 conformatus,
1983 2422 2047 2494 sed
2081 2420 2212 2495 solidus
2239 2431 2273 2492 et

465 2547 603 2618 omnino
630 2547 784 2617 iulormis
811 2555 872 2616 est
922 2547 995 2618 lam
1021 2569 1151 2641 paucas
1176 2558 1302 2619 tantum
1330 2549 1493 2640 regiones
1527 2549 1634 2619 cultas
1667 2571 1764 2632 esse,
1799 2571 1845 2620 ex
1877 2551 2007 2621 insulae
2042 2559 2160 2620 natura
2192 2550 2273 2620 satis

464 2675 591 2756 elucet,
624 2675 738 2766 itaque
772 2674 804 2742 in
832 2673 894 2744 illis
921 2683 1047 2744 tantum
1074 2676 1160 2747 locis
1186 2676 1403 2767 reperiuntur
1430 2675 1615 2760 domicilia,
1650 2675 1707 2746 ubi
1735 2697 1820 2746 saxa
1845 2677 2000 2770 proclive
2027 2679 2059 2747 in
2087 2698 2182 2748 mare
2209 2675 2273 2747 de-

464 2801 634 2872 currentia
661 2801 805 2893 spatium
831 2799 877 2870 ad
903 2800 1125 2872 collocandas
1151 2802 1377 2873 habitationes
1397 2801 1594 2895 aditumque
1621 2802 1664 2872 ad
1692 2823 1788 2873 mare
1814 2804 2054 2897 praebuerunt.
2092 2805 2272 2875 Maximum

465 2926 660 3018 hujusmodi
686 2929 830 3021 spatium
857 2927 890 2997 in
916 2926 1130 2999 meridionali
1156 2930 1286 3000 insulae
1313 2938 1410 3022 parte
1438 2931 1532 3000 sinus
1560 2938 1720 3022 occupat,
1754 2931 1812 3022 qui
1837 2929 1983 3001 Funchal
2011 2931 2147 3016 dicitur,
2174 2931 2272 3020 cujus

465 3057 498 3125 in
525 3054 640 3126 medio
668 3053 834 3147 oppidum
861 3053 1018 3143 ejusdem
1045 3056 1199 3140 nominis,
1227 3058 1351 3129 22000
1379 3057 1509 3129 incolas
1536 3059 1787 3150 complectens,
1815 3058 1914 3128 situm
1940 3068 2002 3142 est,
2028 3059 2126 3128 locus
2153 3079 2273 3127 amoe-

467 3202 531 3251 nus
556 3181 719 3273 beneque
745 3178 955 3265 aedificatus,
983 3183 1040 3275 qui
1067 3184 1180 3254 omnia
1207 3185 1296 3254 vitae
1324 3184 1508 3256 commoda
1534 3185 1687 3278 praebet
1728 3185 1889 3278 Utrinque
1916 3208 2001 3256 vero
2028 3187 2126 3277 regio
2153 3186 2273 3255 locun·

467 3307 614 3392 (lissima,
641 3306 888 3400 amphitheatro
915 3319 1077 3401 pervasto
1105 3309 1197 3380 haud
1224 3310 1402 3395 dissimilis,
1429 3332 1541 3404 usque
1568 3311 1612 3382 ad
1639 3311 1847 3383 altitudinem
1874 3307 1985 3386 2000'
2005 3333 2045 3382 se
2064 3312 2156 3397 tollit
2183 3332 2272 3403 quae

467 3434 552 3504 villis
578 3435 786 3518 numerosis,
813 3433 919 3505 hortis
945 3435 1162 3529 arbustisque
1190 3446 1324 3519 ornata,
1351 3436 1582 3531 pulchriorem
1609 3460 1712 3530 quam
1738 3450 1774 3509 ut
1799 3439 1949 3511 describi
1975 3440 2100 3532 possit,
2127 3438 2273 3532 praebet

467 3560 678 3654 adspectum.
717 3562 752 3632 ln
776 3562 937 3632 extremis
959 3563 1052 3632 sinus
1074 3563 1161 3633 illius
1184 3564 1336 3657 partibus
1357 3565 1593 3659 promontoria
1612 3563 1679 3635 dua
1705 3565 1909 3658 procedunt,
1937 3565 1982 3636 tle
2009 3566 2142 3658 quibus,
2169 3586 2272 3658 quum

468 3689 606 3782 saepius
631 3689 665 3759 in
692 3689 860 3782 opusculo
889 3698 1006 3761 nostro
1034 3669 1358 3771 commemorentur,
1384 3713 1494 3785 pauca
1519 3689 1588 3761 hoc
1614 3693 1648 3761 in
1674 3693 1754 3764 loco
1782 3692 1944 3763 dicamus.
1983 3691 2157 3763 Orientem
2183 3692 2272 3762 euim

469 3835 591 3886 versos
618 3816 799 3908 spatioque
825 3817 899 3888 lere
927 3819 1077 3910 quinque
1102 3817 1240 3887 millium
1258 3839 1423 3910 passuum
1443 3840 1464 3888 a
1484 3817 1630 3889 Funchal
1651 3819 1782 3913 oppido
1810 3828 1987 3904 remotum,
2014 3820 2108 3890 Cabo
2129 3819 2271 3908 Garajao

469 3940 738 4033 (bracca-head
765 3942 860 4036 quod
886 3942 1003 4015 dicunt
1027 3943 1194 4037 Britanni)
1222 3944 1376 4038 proclive
1405 3944 1586 4037 usquead
1620 3945 1828 4017 altitudinem
1858 3941 1966 4016 t500'
1993 3969 2013 4017 e
2040 3948 2123 4017 mari
2150 3947 2273 4038 surgit;

470 4090 591 4140 versus
618 4069 835 4142 occidentem
863 4091 959 4155 vero,
985 4073 1167 4164 spatioque
1192 4073 1296 4164 paulo
1323 4071 1456 4161 maj0re
1483 4072 1526 4142 ab
1555 4071 1686 4166 oppido
1715 4082 1897 4158 remotum,
1925 4073 2018 4143 Cabo
2045 4073 2201 4144 Giramdo
2229 4076 2274 4142 si-

468 4218 547 4267 num
574 4197 739 4283 terminat,
765 4196 860 4290 quod
888 4206 923 4269 et
949 4199 1059 4292 ipsum
1083 4197 1413 4291 perpendiculariter
1432 4221 1453 4269 e
1472 4199 1557 4268 mari
1577 4198 1783 4284 ascendens
1808 4199 2015 4271 altitudinem
2042 4196 2152 4272 2000'
2178 4222 2275 4271 asse-

469 4323 580 4414 quitur
606 4332 641 4392 et
666 4323 762 4413 cujus
790 4344 955 4396 cacumen
982 4327 1015 4395 iu
1042 4335 1139 4420 parte
1166 4347 1289 4397 aversa
1316 4326 1399 4397 Pino
1425 4325 1589 4395 maritima
1614 4327 1773 4395 vestitum
1800 4336 1861 4397 est.

621 4449 796 4535 Planities,
829 4472 918 4544 quae
951 4472 1058 4523 seusu
1092 4453 1249 4523 strictiori
1280 4453 1325 4523 ita
1352 4452 1523 4536 dicuntur,
1556 4451 1695 4522 Modera
1721 4475 1791 4524 uon
1816 4455 1977 4547 praebet;
2013 4457 2043 4523 in
2071 4454 2274 4525 occidentali

469 4584 597 4646 tantum
622 4577 753 4648 insulae
780 4587 877 4671 parte
903 4580 1041 4672 planum
1067 4581 1149 4650 satis
1170 4589 1303 4650 vastum
1323 4589 1427 4672 atque
1449 4579 1587 4649 omnino
1609 4581 1735 4666 sterile,
1762 4581 1841 4651 Pattl
1864 4581 1909 4651 da
1929 4581 2031 4650 Serra
2058 4583 2273 4668 nominatum,

470 4702 544 4773 altis
571 4703 669 4773 conis
694 4704 866 4777 basalticis
892 4705 1118 4799 faucibusque
1143 4705 1324 4800 prolundis
1342 4705 1584 4777 circumdatum
1608 4706 1640 4775 in
1660 4707 1833 4778 altitudine
1854 4707 1953 4776 5t50
1975 4710 2130 4780 occurrit
2171 4711 2273 4782 Prae-

470 4841 565 4902 terea
591 4831 623 4901 io
652 4851 694 4901 ca
720 4832 852 4904 insulae
878 4842 985 4927 parte,
1012 4854 1102 4925 quae
1130 4833 1298 4904 orientem
1324 4854 1447 4904 versus
1474 4840 1615 4926 spectat,
1642 4833 1783 4904 alterum
1802 4834 1940 4926 planum
1960 4837 2114 4925 quamvis
2134 4838 2274 4908 minoris

471 4957 577 5049 spatii,
605 4958 637 5028 in
659 4958 832 5031 altitudine
851 4961 926 5031 lere
947 4955 1058 5033 2500'
1077 4961 1178 5030 situm
1198 4970 1259 5045 est,
1286 4959 1384 5053 quod
1402 4961 1471 5030 San
1489 4962 1635 5032 Antonio
1658 4962 1703 5032 da
1722 4963 1827 5033 Serra
1849 4961 1965 5030 dicunt
1989 4961 2132 5048 incolae,
2160 4975 2194 5036 et
2219 4965 2273 5034 hic

471 5082 608 5177 quidem
634 5086 731 5155 vicus
757 5106 923 5157 amoenus
950 5089 1126 5182 reperitur,
1152 5088 1248 5158 solus
1274 5087 1376 5157 totius
1402 5087 1532 5160 insulae
1559 5090 1591 5159 in
1619 5111 1689 5181 quo
1715 5088 1848 5159 incolae
1868 5090 2019 5181 pecuarii
2040 5100 2118 5159 sunt
2137 5112 2273 5183 agrum·

470 5231 538 5302 que
565 5211 689 5284 colunt

622 5337 694 5410 lam
720 5339 829 5433 planis
856 5336 1107 5427 deficientibus,
1140 5361 1251 5435 aquae
1277 5362 1418 5435 quoque
1444 5350 1642 5436 stagnantes
1668 5343 1851 5434 torresque
1878 5341 2046 5436 largiores
2073 5343 2273 5414 desideran-
