4808 6172
387 1233 471 1336 De
508 1233 775 1339 mollusois
812 1231 1080 1338 fossilibus
1119 1266 1255 1372 quae
1290 1232 1345 1334 iu
1380 1216 1569 1340 insulis
1605 1229 2020 1339 Madereusibus

1027 1393 1379 1534 reperiuntur.

454 1899 565 1988 Magni
591 1920 675 1968 sane
701 1900 863 1968 momenti
890 1908 967 1968 sunt
994 1901 1122 1971 fossilis
1149 1901 1332 1971 insularum
1359 1899 1609 1971 Madereusium
1641 1900 1820 1985 mollusca,
1856 1924 1944 1994 quae
1973 1913 2039 1972 tam
2072 1905 2103 1972 in

300 2023 446 2106 bladera,
475 2045 575 2117 quam
603 2026 636 2093 in
662 2025 771 2094 insula
790 2024 911 2095 Portus
933 2028 1041 2095 sancti
1066 2048 1180 2097 massa
1206 2025 1354 2118 quadam
1374 2026 1488 2097 Tuffae
1511 2027 1684 2111 contritae,
1712 2028 1765 2096 cui
1792 2027 1884 2097 haud
1909 2049 2016 2121 parva
2036 2031 2105 2100 eal-

300 2153 350 2221 cis
377 2153 477 2245 copia
503 2151 662 2242 adjuncta
690 2161 751 2235 est,
779 2152 928 2222 involuta
955 2156 1178 2246 reperiuntur.
1226 2154 1323 2237 Quae
1350 2173 1462 2222 massa
1490 2154 1522 2222 iu
1549 2164 1693 2245 utraque
1720 2155 1829 2223 insula
1857 2154 2002 2226 eandem
2029 2158 2105 2228 lere

300 2288 453 2349 naturam
480 2280 640 2371 praebet,
673 2276 741 2348 hoc
768 2287 879 2349 tamen
908 2291 1073 2372 excepto,
1108 2281 1202 2374 quod
1229 2283 1262 2350 in
1289 2279 1393 2349 Portu
1420 2289 1539 2350 sancto
1567 2280 1661 2349 Tuffa
1687 2282 1797 2350 minus
1824 2282 1989 2353 subtiliter
2018 2304 2104 2354 con·

299 2409 383 2490 trita,
410 2407 587 2499 majorque
615 2407 646 2476 ei
674 2405 776 2476 calcis
803 2407 904 2498 copia
930 2407 1077 2477 immixta
1105 2418 1165 2478 est.
1204 2409 1239 2478 ln
1263 2406 1402 2478 Modera
1424 2415 1536 2477 autem
1558 2409 1800 2479 molluscorum
1827 2410 1992 2480 fossiliuru
2019 2421 2105 2481 stra·

299 2544 369 2603 tum
396 2534 531 2625 ligulam
558 2532 689 2617 „Ponta
717 2532 785 2602 San
813 2532 991 2605 Lorenzo''
1018 2536 1223 2606 nominatam
1250 2544 1412 2628 occupat,
1439 2533 1484 2603 de
1512 2554 1578 2626 qua
1601 2535 1671 2624 jam
1698 2555 1810 2627 supra,
1836 2536 1992 2607 locorum
2020 2558 2105 2609 con-

300 2661 462 2731 ditionem
481 2660 700 2752 explicantes,
719 2658 829 2728 verba
848 2659 999 2729 lecimus.
1033 2660 1138 2747 Quae,
1162 2685 1264 2754 quum
1287 2663 1426 2732 summis
1448 2662 1597 2754 rupibus,
1615 2663 1801 2754 praecipue
1823 2683 1910 2733 vero
1930 2665 1993 2748 illa,
2014 2686 2103 2757 quae

298 2787 404 2869 „Pico
433 2785 618 2857 castanbo”
646 2785 863 2877 appellatur,
881 2787 1037 2876 subjecta
1063 2789 1120 2872 sit,
1153 2798 1188 2858 et
1220 2789 1396 2859 meridiem
1430 2809 1554 2858 versus
1587 2789 1620 2856 in
1652 2808 1748 2860 mare
1775 2779 1940 2873 emineat,
1970 2792 2102 2860 nonnisi

300 2915 382 2985 mari
409 2913 623 2985 venientibus
651 2922 757 3004 patet:
784 2913 896 3005 itaque
918 2935 1040 2984 omnes
1067 2917 1124 3006 qui
1149 2915 1284 3006 ligulam
1308 2923 1434 3006 petunt,
1462 2936 1507 2984 ex
1528 2916 1687 3008 proximo
1711 2913 1876 3007 oppidulo
1903 2916 2104 3000 „Machico”

298 3042 405 3109 sinum
432 3041 475 3110 ab
502 3041 556 3109 illa
583 3038 626 3109 ad
655 3060 817 3109 occasum
844 3052 1055 3133 spectantem
1084 3043 1256 3133 trajiciunt.
1296 3041 1455 3111 Proxima
1482 3041 1622 3133 quidem
1649 3042 1702 3110 via
1732 3039 1775 3110 ad
1796 3038 1898 3111 finem
1918 3044 2103 3133 pervenies

300 3168 329 3235 si
356 3168 477 3259 ligulae
505 3187 738 3258 oramusque
765 3166 808 3237 ad
837 3169 961 3238 collem
987 3169 1092 3253 „Pico
1120 3168 1162 3239 da
1188 3168 1348 3262 pietade’'
1375 3167 1510 3253 dictum,
1538 3168 1770 3260 persequeris,
1797 3167 1855 3237 ubi
1881 3168 1972 3239 haud
1998 3171 2102 3262 louge

299 3304 451 3365 astrato
479 3293 662 3364 lossiliiero
698 3293 809 3364 aditus
844 3297 1027 3388 reperitur;
1062 3296 1156 3388 quod
1191 3296 1334 3388 spatium
1368 3316 1496 3366 sereno
1532 3297 1632 3365 coelo
1666 3295 1886 3386 navigatores
1919 3317 1984 3366 ona
2017 3295 2102 3366 hora

300 3423 509 3492 emetiuntur.
547 3420 749 3511 Quicunque
769 3444 855 3493 vero
877 3434 1007 3493 vastam
1028 3422 1115 3492 banc
1136 3431 1238 3513 atque
1260 3422 1432 3493 desertam
1461 3424 1639 3514 regionem
1666 3423 1855 3492 accuratius
1882 3442 2102 3515 cognoscere

301 3550 393 3633 velit,
425 3549 481 3619 ille
508 3549 600 3618 saxis
625 3548 797 3618 basalticis
823 3558 1006 3640 praerupte
1035 3569 1055 3619 e
1080 3549 1166 3617 mari
1191 3550 1409 3640 surgentibus
1442 3551 1693 3642 appropinquet
1724 3555 1758 3617 et
1789 3549 1822 3615 in
1856 3548 1947 3617 initio
1981 3550 2103 3642 ligulae
2174 3539 2178 3545 ’

299 3696 410 3769 prope
442 3676 554 3745 vicum
587 3675 833 3768 pauperculum
866 3674 1045 3759 „Caniqal”
1079 3696 1203 3745 oaorem
1235 3676 1396 3768 applicet,
1432 3677 1489 3746 ubi
1522 3677 1621 3746 etiam
1654 3695 1742 3767 aqua
1774 3675 1966 3745 turbulenta
1998 3684 2103 3745 tutum

299 3801 450 3873 adeundi
474 3803 587 3873 locum
615 3801 772 3894 reperiet
824 3800 884 3870 llio
911 3811 1024 3871 autem
1050 3803 1105 3871 via
1132 3803 1213 3871 satis
1240 3803 1347 3872 ardua
1380 3804 1467 3872 inter
1500 3802 1589 3872 nuda
1617 3822 1701 3872 saxa
1727 3801 1891 3872 basaltica
1917 3813 1951 3872 et
1976 3805 2101 3873 Tulsam

300 3931 476 4020 copiosam
505 3929 645 4013 ducens,
671 3931 793 3999 iterum
819 3936 921 4019 atque
947 3930 1068 3998 iterum
1095 3938 1162 3997 tam
1183 3938 1326 4020 angusta
1348 3938 1408 4013 est,
1438 3939 1472 3997 nt
1492 3950 1557 4021 per
1583 3931 1738 4000 acumina
1763 3930 1895 4021 rupium
1922 3939 2102 4020 penetrare

299 4072 332 4124 et
360 4065 497 4147 praeter
529 4055 718 4147 profundas
753 4056 871 4127 lauces
903 4056 1069 4149 progredi
1096 4065 1263 4148 oporteat.
1316 4055 1386 4125 Sed
1415 4057 1472 4124 vix
1498 4055 1670 4128 altitudine
1697 4058 1770 4127 sere
1799 4049 1883 4125 800'
1909 4056 1942 4123 in
1969 4066 2101 4148 tergum

299 4192 543 4276 perangustum
569 4202 731 4254 saxorum
756 4183 926 4254 nudorum
953 4191 1099 4274 utroque
1126 4183 1170 4252 ad
1190 4203 1285 4253 mare
1308 4183 1488 4254 declivium
1515 4184 1639 4267 enisus
1667 4184 1720 4253 via
1747 4204 1816 4253 non
1842 4183 1952 4250 minus
1978 4203 2103 4275 aspera

300 4311 468 4402 paullatim
495 4308 693 4380 descendis:
721 4333 788 4403 qua
815 4308 953 4402 quidem
981 4309 1170 4381 directione
1197 4331 1308 4403 usque
1334 4309 1376 4380 ad
1400 4311 1607 4381 altitudinem
1630 4303 1711 4378 too'
1731 4317 1875 4389 servata,
1902 4309 1977 4377 calx
2000 4311 2102 4401 eique

299 4438 435 4508 adnexa
462 4437 623 4508 nonnulla
648 4437 816 4509 mollusca
843 4438 972 4507 fossilia
999 4446 1190 4508 occurrunt.
1229 4437 1290 4506 Hic
1312 4456 1397 4508 vero
1423 4437 1522 4507 locus
1548 4437 1592 4507 ab
1619 4437 1691 4505 aliis
1712 4435 1874 4505 Moderae
1895 4437 2102 4526 regionibus,

300 4586 386 4658 quas
414 4563 643 4657 frequentavi,
676 4565 861 4657 perspicue
889 4563 1079 4635 abhorrere
1106 4561 1185 4633 mibi
1211 4563 1362 4648 videtur,
1389 4574 1558 4656 tamquam
1586 4563 1615 4631 si
1642 4561 1843 4631 recentioris
1870 4570 1964 4630 esset
1991 4562 2104 4633 vulca-

300 4693 365 4761 nici
393 4701 497 4761 ortus.
548 4691 620 4760 lam
646 4691 679 4760 in
705 4691 773 4760 alto
800 4711 912 4783 prope
940 4692 1051 4761 vicum
1080 4690 1213 4775 Canical
1239 4691 1372 4760 scorias
1398 4691 1602 4782 pustulosas,
1631 4690 1750 4760 colore
1779 4687 1952 4771 subfusco,
1979 4690 2102 4779 reperi,

300 4838 389 4909 quae
417 4837 486 4886 non
514 4838 592 4887 raro
619 4818 806 4887 substantia
832 4816 980 4909 quadam
1007 4818 1244 4903 subcoerulea,
1272 4819 1436 4910 pulverea
1457 4825 1490 4888 et
1513 4815 1638 4908 passim
1660 4836 1799 4907 quoque
1825 4813 1995 4907 pellnoida
2023 4834 2102 4904 per-

300 4947 397 5015 fusae
424 4954 527 5036 atque
555 4944 726 5016 obductae
755 4954 858 5014 erant.
898 4943 1006 5026 Quam
1034 4945 1253 5017 substantiam
1280 4946 1407 5015 amicus
1428 4944 1645 5014 doctissimus
1665 4942 1896 5012 Guilelmus
1919 4939 2102 5020 Dunlrer,

301 5093 378 5141 cum
406 5090 475 5163 quo
503 5072 691 5162 fragmenta
717 5072 750 5141 in
776 5071 833 5140 illo
861 5071 940 5141 loco
969 5073 1113 5142 collecta
1134 5074 1389 5157 communicavi,
1417 5072 1583 5163 cujusque
1605 5069 1838 5140 auctoritatem
1858 5069 1891 5137 in
1912 5067 2103 5158 geognosia

301 5208 335 5268 et
360 5199 583 5290 mineralogia
609 5199 753 5268 maxima
783 5219 859 5268 cum
887 5199 995 5289 gratia
1023 5207 1162 5269 secutus
1189 5221 1272 5284 sum,
1300 5196 1519 5292 Allophanem
1546 5196 1693 5289 agnovit
1744 5194 1926 5265 Praeterea
1952 5194 1984 5261 in
2011 5192 2104 5281 ejus-

301 5325 381 5395 dem
409 5325 588 5396 altitudinis
615 5325 696 5395 loco
722 5323 874 5417 quodam
902 5326 993 5395 saris
1020 5334 1127 5409 tecto,
1153 5325 1265 5417 pulvis
1292 5326 1427 5396 terreos
1454 5324 1657 5409 vulcanicus,
1686 5323 1831 5393 maxime
1858 5316 2045 5413 splendens
2071 5327 2105 5389 et

1685 5450 1723 5510 to
1737 5449 1755 5486 *
