4852 6180
1184 589 1232 663 86

312 803 399 869 ritur.
450 800 484 868 ln
512 798 614 867 Portu
640 805 759 868 saneto
787 795 849 865 alin
875 816 915 865 se
942 793 1088 888 praebet
1112 796 1207 880 ratio,
1236 819 1338 888 quum
1366 798 1562 891 complures
1589 799 1727 891 speeies
1754 798 1858 871 bodie
1884 798 1975 870 baud
2002 819 2110 882 rarae,

313 937 345 994 nt
372 926 468 996 Helix
494 925 692 1016 bipennem,
726 923 919 1017 oxytropis,
953 921 1127 1004 turricula,
1162 920 1425 995 ebeirnntbloola
1457 944 1578 1018 sparse
1610 933 1737 995 tentum
1768 927 1801 995 ln
1830 935 1935 997 strato
1961 924 2110 995 diluvinll

311 1056 537 1144 reperiantnr;
572 1061 690 1123 eontra
717 1051 813 1120 Helix
839 1048 973 1138 ubJ‘ecte
1000 1046 1126 1119 ibidem
1153 1070 1265 1142 neque
1293 1051 1490 1145 frequenter
1517 1051 1643 1122 fossilis
1670 1073 1711 1122 nc
1738 1053 1814 1122 viva
1842 1055 1997 1123 occurrit.
2049 1054 2111 1122 lsr-

311 1204 383 1249 ruru
410 1202 493 1249 sene
521 1188 572 1247 est
599 1199 741 1269 magnus
768 1177 935 1268 Puperum
963 1175 1126 1245 lossilium
1154 1198 1330 1261 numerus,
1364 1177 1511 1249 named
1539 1177 1661 1249 decern
1689 1181 1826 1273 speeies
1852 1179 1964 1250 adbuc
1991 1182 2111 1251 viven-

311 1319 364 1376 tes
391 1319 424 1375 et
450 1308 482 1375 in
518 1314 604 1376 stetu
638 1305 744 1374 fossili
777 1311 953 1395 repertae,
980 1301 1069 1373 dune
1101 1305 1239 1394 speeies
1273 1306 1441 1377 extinctae
1475 1304 1652 1377 uooedunt
1703 1309 1857 1376 Attamen
1884 1308 1912 1375 si
1939 1306 2108 1399 Pnpornm

311 1435 533 1526 l'requentinm
560 1433 742 1502 viventium
768 1439 803 1500 et
829 1429 993 1500 lossilium
1020 1430 1106 1499 inter
1131 1451 1172 1500 se
1199 1450 1446 1525 comparemus,
1474 1432 1620 1506 eandem
1647 1433 1812 1502 rationem
1839 1452 1940 1524 quam
1967 1435 1999 1502 in
2021 1433 2111 1505 Heli·

311 1563 407 1630 ribos
427 1568 545 1642 exstet,
573 1556 765 1630 oonlinnnrl
792 1554 962 1636 videmus;
989 1577 1093 1647 quum
1120 1555 1153 1625 P.
1174 1559 1311 1629 linearis
1337 1561 1423 1631 inter
1450 1561 1587 1632 lossiles
1613 1558 1895 1651 frequentissime,
1922 1557 2027 1630 bodie
2047 1580 2111 1630 ex·

310 1690 409 1757 tinctu
436 1689 486 1769 sit,
513 1685 547 1755 P.
572 1693 818 1756 enconostome
844 1703 929 1755 vero
956 1680 1060 1753 bodie
1084 1685 1322 1777 vulgatissimo,
1350 1688 1381 1755 in
1410 1695 1495 1757 stutu
1524 1686 1632 1757 lossill
1657 1706 1727 1756 non
1755 1685 1938 1777 reperitur;
1965 1695 2109 1778 utreque

311 1837 395 1884 rero
422 1813 467 1882 nd
498 1832 640 1905 parrum
673 1812 865 1903 specierum
899 1827 1076 1877 numerum
1109 1813 1270 1902 pertinet,
1304 1835 1394 1904 quae
1426 1833 1541 1905 neque
1567 1811 1725 1883 dentibus
1751 1832 1865 1903 neque
1891 1810 2033 1881 lamellis
2058 1813 2109 1880 in-

311 1951 459 2010 structae
486 1948 571 2007 sunt.

459 2066 571 2148 Quum
596 2063 746 2156 deniqne
773 2064 923 2135 omnium
949 2065 1144 2156 specierum
1171 2068 1335 2137 lossilium
1361 2068 1386 2156 l
1408 2066 1509 2137 etium
1535 2068 1660 2137 nostris
1688 2066 1899 2160 temporibus
1926 2063 2025 2131 vivae
2052 2084 2109 2132 re·

310 2194 496 2284 permutor,
524 2213 613 2286 qnae
640 2192 718 2284 quin
747 2214 823 2261 oum
852 2189 1025 2260 lossilibus
1052 2202 1244 2285 congruent
1269 2192 1408 2263 dubium
1436 2215 1504 2262 non
1532 2203 1600 2278 est,
1633 2193 1864 2264 conditionem
1890 2191 2046 2259 locorum
2073 2197 2107 2257 et

308 2318 494 2410 praecipue
519 2321 656 2391 ooelnnr
681 2319 862 2390 insularum
889 2316 1140 2389 bladerensium
1167 2341 1213 2391 ex
1239 2321 1296 2401 illo
1322 2331 1479 2413 tempore
1506 2341 1574 2391 non
1601 2320 1702 2393 vnlde
1729 2329 1888 2391 mutatum
1916 2337 1996 2388 esse
2024 2335 2109 2383 con·

309 2443 448 2516 cludere
475 2467 667 2538 possumus,
695 2445 756 2516 bns
783 2446 929 2538 speeies,
956 2448 1018 2517 nisi
1045 2466 1102 2517 res
1128 2420 1171 2516 ito
1198 2468 1238 2518 se
1264 2445 1416 2530 heberet
1444 2457 1538 2518 certe
1562 2448 1631 2535 jum
1659 2445 1715 2517 diu
1743 2447 1909 2517 extinctus
1935 2463 2024 2514 esse.
