4808 6172
1183 598 1231 672 86

453 809 596 877 Ceterae
624 806 666 874 51
700 805 834 897 species
859 804 998 874 fossiles
1024 800 1127 899 ‘supra
1161 814 1395 889 enumeratae,
1428 805 1470 875 ab
1498 802 1610 874 adhuc
1643 802 1831 874 viventibus
1864 801 1956 872 nullo
1991 801 2095 872 inodo

300 933 504 1026 discrepant.

1099 1134 1297 1144 *-

452 1323 487 1392 Si
514 1321 774 1393 consideramus
800 1324 963 1394 mollusca
991 1323 1023 1391 in
1050 1321 1211 1395 Haderae
1238 1333 1273 1395 et
1298 1325 1418 1394 Portus
1439 1324 1544 1393 sancti
1572 1322 1683 1392 stratis
1710 1320 1899 1391 fossiliferis
1926 1321 2096 1412 copiosis-

299 1451 383 1519 sime
410 1445 641 1535 accumulata,
668 1450 869 1520 recentioris
902 1448 1015 1521 diluvii
1049 1461 1206 1543 tempore
1232 1453 1375 1537 vixisse,
1408 1460 1640 1543 posterosque
1666 1447 1798 1518 illorum
1826 1444 1930 1517 hodie
1956 1467 2095 1539 quoque

298 1574 425 1646 eodem
451 1577 483 1644 in
510 1575 590 1646 loco
616 1576 808 1646 immutatos
834 1585 1036 1669 superesse,
1070 1597 1195 1665 novum
1223 1579 1255 1647 in
1282 1575 1347 1647 hac
1380 1598 1418 1648 re
1451 1584 1686 1668 argumentum
1712 1575 1919 1668 reperimus,
1953 1582 2096 1665 quanto-

297 1722 383 1795 pere
410 1710 528 1772 natura
554 1710 669 1796 typum
696 1703 889 1794 specierum
924 1705 1038 1774 stricte
1071 1713 1270 1789 conservet,
1304 1703 1485 1774 indiuiduis
1515 1711 1642 1773 tanturn
1668 1702 1750 1771 satis
1780 1710 1912 1771 vastum
1937 1700 2096 1770 variatio—

299 1851 377 1916 num
410 1829 569 1921 spatium,
602 1849 807 1922 quamquam
838 1829 961 1899 finibus
994 1831 1126 1902 formae
1157 1832 1293 1926 typicae
1324 1833 1550 1926 terminatum,
1585 1825 1793 1899 concedens.
1843 1827 1977 1897 Talibus
2011 1847 2095 1894 vcro

298 1956 393 2025 factis
427 1956 527 2040 enisi,
562 1955 757 2049 epimonem
792 1957 918 2049 passim
954 1958 1127 2043 emissam,
1163 1960 1300 2050 species
1333 1969 1488 2051 tempore
1522 1966 1623 2048 atque
1658 1953 1909 2025 conditionibus
1946 1952 2094 2022 externis

298 2085 329 2151 in
357 2083 480 2152 alteras
507 2083 705 2152 commutari
739 2103 860 2175 posse,
894 2084 937 2153 nil
972 2085 1034 2154 nisi
1067 2105 1188 2156 vanam
1220 2095 1322 2177 atque
1349 2087 1509 2155 incertam
1538 2082 1768 2172 coniecturam
1796 2079 1987 2150 habendam
2015 2099 2094 2144 esse

299 2220 462 2301 putamus.
496 2196 498 2200 ὗ

436 2335 553 2406 Altera
573 2334 661 2405 haud
682 2336 821 2405 minoris
841 2341 1002 2408 momenti
1024 2338 1252 2410 consideratio
1274 2360 1319 2410 ex
1340 2340 1493 2409 locorum
1513 2335 1709 2409 conditione
1731 2337 1807 2428 ipsa
1827 2341 1927 2426 patet.
1967 2332 2094 2402 Omnes

299 2465 387 2534 enim
414 2463 552 2555 species
577 2462 724 2547 fossiles,
752 2462 920 2533 Helicibus
947 2465 1075 2557 pisana,
1102 2467 1258 2537 lenticula
1286 2475 1320 2536 et
1347 2463 1510 2536 Glandina
1538 2463 1666 2534 acicula
1693 2462 1858 2555 exceptis,
1885 2459 2001 2530 insulis
2024 2459 2093 2529 Ma-

299 2589 503 2661 derensibus
529 2589 691 2682 propriae
718 2598 809 2674 sunt,
843 2610 956 2683 neque
988 2592 1020 2660 in
1056 2593 1122 2663 ullo
1157 2593 1221 2663 alio
1256 2592 1350 2663 orbis
1377 2603 1547 2669 ⁴terrarum
1579 2590 1659 2663 loco
1686 2588 1912 2682 reperiuntur;
1946 2606 1984 2654 re
2012 2607 2093 2653 uera

298 2714 545 2786 autochthones
573 2724 650 2784 sunt
675 2715 856 2784 insularum
883 2716 1020 2803 illarum,
1048 2741 1137 2811 quae
1164 2719 1268 2812 longe
1294 2721 1430 2812 lateque
1456 2720 1539 2788 mari
1566 2716 1829 2795 circumdantur;
1861 2715 1893 2784 in
1921 2711 1989 2781 hoc
2016 2713 2092 2780 solo

296 2844 376 2914 loco
401 2851 603 2937 procreatae
625 2851 709 2925 sunt,
738 2851 771 2911 et
794 2863 839 2911 ex
858 2844 975 2934 priore
995 2844 1110 2915 mundi
1130 2866 1210 2916 aera
1231 2848 1440 2939 superstites
1467 2844 1512 2915 ad
1533 2844 1735 2914 hodiernum
1761 2852 1895 2932 tempus
1923 2859 2032 2931 usque
2053 2861 2092 2907 se

299 2979 553 3041 conservarunt.
593 2970 663 3038 lmo
691 2989 775 3037 vero
804 2970 941 3060 species
967 2971 1104 3041 fossiles
1131 2975 1278 3064 quaein
1307 2973 1380 3043 sola
1407 2970 1513 3041 insula
1534 2970 1673 3041 Madera
1692 2968 1914 3062 reperiuntur,
1941 2967 2091 3036 nonnisi

300 3100 330 3166 in
358 3095 422 3166 hac
450 3095 557 3165 insula
584 3097 682 3165 vivae
710 3106 907 3180 occurrunt,
934 3119 1047 3190 neque
1074 3099 1169 3169 aliter
1195 3119 1251 3169 res
1279 3121 1318 3171 se
1344 3098 1447 3168 habet
1473 3098 1505 3167 in
1533 3099 1636 3169 Portu
1662 3106 1797 3174 sancto;
1831 3102 1948 3164 contra
1975 3114 2093 3161 nume-

299 3244 378 3294 rosa
405 3222 591 3316 specimina
618 3221 746 3291 fossilia
773 3222 895 3292 Heliois
922 3234 1122 3319 compactae
1149 3236 1183 3295 et
1209 3227 1447 3318 pauperculae,
1475 3247 1563 3317 quae
1584 3225 1744 3295 Maderae
1766 3243 1833 3292 non
1857 3221 1965 3289 minus
1992 3241 2093 3310 quam

299 3350 419 3420 Portus
446 3349 553 3418 sancti
584 3346 688 3417 hodie
721 3348 856 3419 incolae
890 3359 981 3436 sunt,
1015 3360 1192 3444 utramque
1224 3352 1312 3422 illam
1346 3353 1498 3445 speciem
1527 3351 1597 3440 iam
1632 3350 1745 3421 diluvii
1778 3358 1933 3439 tempore
1967 3345 2091 3416 ibidem

299 3476 424 3546 vixisse
452 3477 532 3545 satis
560 3474 800 3545 demonstrant.
1628 3471 1629 3475 ’
2062 3454 2065 3460 ’

452 3603 486 3672 Si
520 3602 742 3694 frequentiam
775 3603 968 3696 specierum
1001 3605 1165 3673 fossilium
1199 3626 1275 3676 cum
1308 3607 1362 3676 illa
1394 3605 1505 3677 adhuc
1537 3607 1719 3676 viventium
1746 3621 1999 3695 comparamus,
2033 3622 2093 3668 eas

299 3751 442 3824 quarum
468 3729 646 3798 maximam
667 3730 800 3821 copiam
827 3739 929 3799 strata
957 3730 1137 3801 fossilifera
1159 3733 1339 3817 continent,
1368 3741 1402 3801 ut
1422 3734 1491 3803 Hel.
1513 3730 1796 3814 Bowdichianam,
1823 3727 1993 3810 tiarellam,
2020 3725 2094 3795 del-

299 3856 478 3950 phinulam,
506 3854 762 3940 caniculeosem,
785 3857 950 3944 jamnon
978 3858 1065 3927 inter
1085 3859 1179 3927 vivas
1199 3860 1328 3929 versari
1356 3861 1559 3951 reperimus3
1586 3879 1646 3929 eas
1674 3878 1758 3929 vero
1785 3878 1874 3950 quae
1902 3853 2004 3924 hodie
2026 3853 2093 3920 fru-

300 3982 540 4085 quentissimae
568 3991 657 4065 sunt,
685 3991 719 4049 ut
744 3983 814 4052 Hel.
841 3982 1066 4067 nitidiuscula,
1094 3985 1319 4071 maderensis,
1347 3986 1553 4079 punctulata,
1580 3984 1834 4079 phlebophora,
1861 3981 1997 4053 fossiles
2025 4000 2092 4047 non

300 4130 495 4181 occurrere.
547 4109 716 4177 Extinctas
748 4131 831 4179 vero
865 4111 1001 4203 species
1034 4111 1106 4180 aliis
1139 4110 1239 4183 valde
1271 4111 1427 4182 affinibus
1461 4120 1700 4205 compensatas
1734 4133 1813 4183 esse
1842 4108 2011 4192 videmus,
2044 4108 2092 4173 sir

301 4238 423 4309 Helicis
443 4232 706 4306 Boudichianae
734 4235 845 4305 locum
867 4238 964 4307 Helix
990 4237 1190 4332 punctulata,
1217 4238 1339 4309 Helicis
1366 4239 1588 4312 canicalensis
1610 4238 1706 4309 Helix
1727 4235 1945 4318 nitidiuscula,
1971 4233 2093 4304 Helicis

301 4362 588 4457 psammophorae
616 4360 712 4432 Helix
737 4361 982 4456 ,phlebophora
1015 4364 1138 4458 explet.
1191 4364 1240 4434 Ex
1272 4387 1339 4457 qua
1371 4366 1613 4436 observatione
1640 4373 1807 4456 exceptae
1834 4373 1911 4432 sunt
1936 4361 2005 4431 Hel.
2032 4381 2094 4428 un-

301 4490 378 4561 data
406 4499 440 4560 et
466 4489 606 4572 bifrons,
634 4508 722 4579 quae
750 4509 818 4558 non
846 4490 952 4560 minus
980 4491 1175 4583 frequenter
1198 4490 1296 4561 vivae
1323 4513 1424 4584 quam
1451 4492 1587 4562 fossiles
1609 4491 1831 4583 reperiuntur.
1871 4489 2015 4558 Omnino
2036 4509 2093 4557 res

301 4617 373 4687 illas
398 4625 568 4708 tamquam
594 4613 680 4684 tales
707 4623 832 4684 tantum
860 4615 1038 4709 exponere
1065 4638 1258 4710 possumus
1285 4619 1404 4710 quales
1431 4617 1662 4689 observationi
1689 4624 1825 4687 nostrae
1852 4636 1892 4685 se
1919 4614 2093 4707 praebent,

301 4765 366 4815 nec
392 4741 467 4813 fieri
492 4750 614 4834 potest,
643 4749 676 4808 ut
704 4762 748 4810 ex
774 4741 837 4811 illis
864 4754 968 4814 ratam
996 4744 1195 4837 firmamque
1222 4765 1376 4815 normam
1395 4743 1644 4825 abstrahamus;
1672 4764 1716 4813 eo
1743 4743 1851 4811 minus
1878 4764 1979 4834 quum
2007 4766 2093 4813 non-

290 4871 412 4941 nullae
439 4868 576 4963 species
609 4868 683 4938 sine
711 4867 815 4938 dubio
851 4868 914 4941 hac
940 4881 1065 4941 tantum
1093 4893 1137 4941 ex
1165 4891 1268 4941 causa
1294 4891 1392 4942 rarae
1420 4869 1621 4954 habeantur,
1655 4871 1733 4963 quia
1766 4871 1798 4938 in
1831 4869 1916 4941 locis
1949 4870 2092 4941 conditis

302 4997 355 5068 vel
383 4994 474 5066 aditu
502 4993 746 5065 difficilioribus
772 4993 909 5088 degunt.
962 4998 1070 5081 Quam
1105 4998 1150 5067 ob
1185 5019 1255 5067 rem
1283 4998 1519 5068 verosimiliter
1545 4999 1638 5090 Pupa
1665 4995 1799 5067 cassida
1831 4997 1956 5069 fossilis
1987 4997 2091 5064 multo

301 5122 511 5217 frequentius
538 5142 638 5214 quam
666 5123 742 5191 viva
770 5124 944 5216 reperitur.
983 5124 1018 5192 ln
1046 5124 1239 5193 universum
1267 5145 1352 5195 vero
1379 5126 1411 5194 in
1432 5125 1570 5225 Madera
1596 5122 1733 5217 species
1759 5104 2021 5214 fossilesatque
2044 5124 2092 5190 vi-

301 5272 363 5323 vas
390 5251 422 5319 in
450 5247 572 5320 eadem
600 5248 729 5319 ratione
757 5251 961 5321 remansisse
989 5259 1129 5335 constat,
1157 5272 1177 5322 e
1203 5271 1252 5343 gr.
1275 5251 1419 5345 Cyclost
1444 5250 1590 5322 lucidum
1617 5272 1728 5343 aeque
1754 5252 1949 5343 frequenter
1975 5249 2091 5318 fossile

302 5398 343 5448 ac
368 5377 491 5461 vivum,
518 5376 661 5469 Cyclost.
689 5375 968 5469 lyonnetianum,
995 5376 1090 5469 quod
1117 5378 1229 5448 vivum
1254 5379 1358 5451 multo
1386 5380 1491 5450 rarius
1519 5387 1585 5462 est,
1613 5378 1711 5448 etiam
1739 5377 1856 5447 fossile
1885 5396 1962 5446 raro
1989 5399 2090 5470 repe
