4808 6172
1133 545 1151 613 t

235 746 344 818 Gould
373 747 567 818 novissimis
587 746 724 819 demum
751 749 963 842 temporibus
990 749 1022 817 in
1044 749 1217 819 bladenam
1238 749 1426 841 inportatas
1446 769 1527 819 esse
1548 759 1678 819 certum
1699 746 1777 817 mibi
1799 745 1942 825 videtur,
1969 764 2047 813 nam

234 873 279 944 ad
305 873 478 957 mollusca,
506 895 596 966 quac
622 895 745 966 aquam
772 874 907 945 dulcem
935 875 1093 959 incolunt,
1120 876 1250 946 insulae
1278 877 1354 947 illae
1380 876 1473 946 nullo
1500 874 1607 946 modo
1634 874 1783 945 idoneae
1809 882 1985 966 apparent.

387 1000 570 1070 l3ulimus
598 1000 842 1074 decollatus
870 1012 904 1072 et
929 1011 1162 1073 ventrosus
1189 1002 1390 1096 plerumque
1412 1005 1445 1072 in
1467 1004 1593 1073 insulas
1616 999 1840 1071 ldaderenses
1863 996 2045 1069 introducti

235 1128 416 1209 habentur,
451 1128 538 1197 nulla
564 1137 678 1199 tamen
707 1130 838 1199 ratione
864 1130 978 1199 stricta
1007 1128 1093 1200 baec
1127 1129 1324 1220 conjectura
1359 1131 1486 1211 nititur;
1521 1129 1739 1201 econtrario
1767 1149 1871 1220 quum
1900 1137 2042 1216 utraque

234 1255 371 1346 species
401 1264 436 1323 et
461 1255 494 1323 in
521 1255 637 1324 insulis
664 1254 829 1326 Azoribus
856 1257 947 1326 etin
975 1256 1236 1327 Canariensibus
1263 1255 1398 1339 habitet,
1426 1267 1460 1327 et
1487 1266 1668 1350 praeterea
1694 1255 1763 1324 Bul.
1790 1253 1980 1325 decollatus
2008 1253 2039 1318 in

233 1380 341 1451 insula
366 1379 562 1450 Canariensi
582 1380 850 1453 Fuertcrentura
874 1383 908 1451 in
936 1391 1041 1452 strato
1068 1384 1227 1454 calcareo
1255 1384 1436 1469 diluviano,
1465 1378 1551 1454 500'
1579 1403 1682 1477 supra
1709 1403 1803 1451 mare
1831 1380 1956 1451 fossilis
1984 1400 2040 1447 re·

233 1509 391 1599 periatur,
419 1506 630 1600 probabilius
657 1518 717 1593 est,
745 1507 833 1579 banc
859 1510 1012 1601 speciem
1039 1509 1083 1579 ad
1106 1509 1266 1582 Maderae
1294 1512 1424 1581 incolas
1450 1509 1630 1603 indigenas
1657 1505 1901 1577 numerandam
1929 1526 2018 1575 esse.

383 1633 528 1704 Generis
553 1635 787 1706 Testacelli
820 1637 959 1728 species
991 1646 1087 1706 certe
1119 1638 1243 1707 launae
1275 1636 1488 1708 maderensis
1522 1659 1590 1708 non
1621 1635 1785 1728 propriae
1812 1643 1906 1718 sunt,
1941 1651 2043 1723 quurn

233 1763 347 1844 altera,
374 1760 462 1831 Test.
488 1760 706 1846 haliotideus,
741 1762 841 1831 etiarn
860 1761 899 1831 'in
928 1763 1064 1855 Europa
1093 1764 1317 1848 meridionali,
1345 1765 1459 1848 altera,
1485 1766 1575 1835 Test.
1602 1762 1734 1854 Maugei
1761 1760 1843 1843 Fer,
1876 1761 1908 1828 in
1934 1759 2043 1828 Tene-

234 1887 305 1958 rilla
332 1908 473 1981 quoque
501 1898 668 1959 occurrat.

382 2018 422 2084 At
448 2034 559 2107 genus
588 2015 749 2084 Vitrina
783 2014 916 2086 duabus
950 2015 1136 2108 speciebus
1173 2019 1306 2086 nonnisi
1339 2017 1553 2088 maderensis
1580 2016 1701 2085 launae
1728 2014 1876 2107 propriis
1904 2030 2044 2102 reprae-

235 2149 393 2226 sentatur,
419 2162 518 2234 quae,
546 2143 701 2234 quamtis
724 2163 800 2211 cum
823 2144 859 2212 V.
873 2142 1060 2213 Lamarcldi
1077 2142 1158 2227 Fer,
1185 2144 1369 2214 insularum
1389 2145 1640 2216 Canariensium
1666 2122 1837 2232 indigena,
1863 2138 2042 2208 maximam

235 2267 382 2337 babeant
406 2268 615 2352 allinitatem,
643 2277 755 2339 tamen
784 2278 878 2339 certe
906 2269 950 2339 ab
978 2290 1020 2338 ea
1046 2269 1206 2340 diversae
1234 2280 1311 2339 sunt
1338 2284 1475 2342 etcum
1502 2271 1554 2341 illa
1582 2269 1625 2340 ad
1654 2268 1781 2339 lormas
1808 2267 1976 2337 alricanas
2003 2284 2042 2327 se

235 2394 401 2463 inclinant.

386 2520 437 2589 Ex
462 2521 641 2613 sexaginta
668 2520 804 2592 duabus
829 2522 968 2613 generis
995 2522 1156 2591 Helicis
1189 2524 1375 2616 speciebus
1402 2527 1552 2616 quinque
1579 2533 1705 2593 tantum
1733 2524 1764 2591 in
1792 2522 1928 2612 Europa
1956 2539 2042 2608 quo·

234 2668 302 2739 que
329 2646 552 2738 reperiuntur,
580 2666 668 2739 quae
696 2658 787 2718 sunt:
815 2648 885 2718 llel.
912 2648 1057 2732 cellaria,
1085 2650 1285 2743 crystallina,
1312 2652 1439 2743 pisana,
1467 2649 1646 2743 pulchella,
1673 2648 1838 2720 lenticula.
1890 2649 1956 2717 Cur
1982 2665 2043 2715 au·

232 2785 301 2844 tem
328 2773 466 2866 species
491 2771 565 2841 illas
590 2775 843 2865 posterioribus
870 2774 1009 2845 demum
1036 2776 1247 2867 temporibus
1275 2775 1341 2848 hnc
1367 2778 1546 2847 translatas
1573 2797 1654 2847 esse
1682 2776 1906 2856 existimetur,
1939 2791 2042 2840 causa

233 2922 303 2971 non
331 2898 438 2970 adest
489 2900 559 2970 llel.
586 2900 776 2972 lenticulam
809 2912 843 2972 et
875 2903 1028 2994 pisanam
1062 2912 1156 2974 certe
1188 2903 1367 2995 indigenas
1401 2903 1520 2973 haberi
1547 2912 1699 2996 oportet,
1733 2924 1836 2995 quum
1867 2900 1975 2992 prima
2009 2897 2040 2963 in

233 3036 340 3096 strato
367 3024 515 3095 diluviali
541 3025 710 3110 bladerae,
739 3030 844 3099 altera
872 3031 903 3098 in
931 3029 1033 3099 Portu
1061 3041 1180 3100 sancto
1208 3033 1345 3102 fossiles
1373 3032 1593 3124 reperiantur.
1634 3032 1792 3102 Ceterum
1817 3026 1933 3098 insulis
1961 3023 2042 3091 rici·

234 3157 285 3223 nis
312 3166 347 3225 et
373 3155 456 3247 ipsis
483 3174 614 3244 paucae
642 3163 767 3223 tantum
803 3156 941 3246 species
976 3177 1052 3226 cum
1079 3157 1217 3228 Madera
1246 3180 1446 3229 communes
1479 3167 1572 3239 sunt;
1605 3160 1637 3226 in
1665 3155 1926 3229 Canariensibus
1952 3149 2041 3219 eninr

234 3282 371 3373 species
399 3301 598 3372 europaeae
625 3303 730 3374 supra
757 3292 1048 3353 commemoratae
1075 3292 1201 3353 tantum
1236 3286 1469 3378 reperiuntur;
1499 3287 1531 3375 in
1559 3284 1723 3354 Azoribos
1750 3283 1905 3375 quamvis
1931 3279 2041 3347 urinas

234 3407 346 3478 adhuc
372 3408 626 3501 pervestigatis:
659 3408 730 3478 Hel.
758 3410 890 3500 pisana,
918 3410 1068 3495 cellaria,
1101 3412 1325 3504 paupercula,
1359 3411 1636 3496 membranacea,
1664 3410 1886 3480 erubescens
1938 3406 2041 3475 Prae·

234 3546 330 3605 terea
355 3535 388 3603 in
415 3536 524 3605 insula
551 3537 618 3605 San
646 3535 769 3627 Miguel
796 3535 949 3626 speciem
977 3535 1278 3628 elegantissimam,
1306 3560 1383 3609 cum
1409 3539 1479 3608 llel.
1507 3539 1737 3609 erubescente
1764 3538 1820 3606 uni
1848 3534 2040 3625 eademque

235 3662 378 3733 sectioni
410 3662 674 3745 attribuendam,
712 3662 840 3753 reperi,
874 3682 975 3752 quam
1010 3664 1147 3734 nomine
1180 3665 1249 3734 Hel.
1278 3666 1412 3735 azorica
1444 3664 1632 3758 praeditam
1667 3686 1777 3756 nuper
1811 3650 2039 3754 descripsi.*)

235 3790 399 3859 Plurimae
426 3790 525 3880 igitur
551 3790 689 3881 generis
712 3788 834 3858 Helicis
861 3789 1007 3878 species
1034 3789 1080 3860 de
1107 3790 1230 3882 quibus
1258 3791 1412 3877 diximus,
1439 3793 1470 3861 in
1493 3792 1632 3863 bladera
1659 3801 1785 3861 tantum
1811 3790 2041 3881 reperiuntur;

234 3938 320 4008 quas
353 3937 457 4007 quum
488 3916 634 3985 maxime
666 3938 686 3986 a
720 3915 844 3986 ceteris
872 3914 1082 4008 discrepant,
1118 3918 1328 3987 sectionibus
1355 3940 1374 3988 a
1402 3941 1456 3989 me
1483 3919 1661 4012 publicatis
1675 3914 1726 4010 er)
1754 3916 1944 4007 adjungere
1971 3933 2040 3981 non

234 4045 342 4136 potui,
370 4043 480 4113 exiis
507 4042 619 4133 potius
647 4064 755 4113 noras
784 4063 996 4134 componere
1024 4051 1165 4114 coactus
1188 4044 1249 4125 sui;
1282 4043 1384 4114 hiscis
1412 4067 1551 4138 quoque
1579 4047 1610 4115 in
1639 4042 1879 4115 enumerandis
1906 4040 2041 4133 specie

235 4171 298 4240 bus
326 4170 411 4239 infra
438 4189 520 4238 usus
547 4189 630 4237 sum.

385 4296 519 4367 Helices
545 4293 771 4365 maderenses
805 4296 835 4363 in
865 4297 1060 4367 universum
1089 4296 1345 4381 consideratae,
1380 4300 1412 4367 in
1447 4297 1533 4367 duas
1568 4307 1694 4366 turmas
1721 4294 1929 4365 dividendae
1955 4306 2041 4379 sunt,

234 4424 379 4495 scilicet:

433 4549 455 4618 l.
493 4549 594 4617 Testa
620 4546 826 4630 umbilicata,
864 4546 1048 4640 depressa,
1083 4557 1242 4642 apertura
1276 4550 1429 4620 circulari
1455 4551 1510 4621 vel
1538 4548 1746 4640 marginibus
1771 4548 2040 4630 conniventibus,

498 4672 711 4767 epidermide
737 4673 815 4766 plus
842 4674 997 4744 minusne
1023 4677 1198 4767 granulata
1226 4677 1280 4746 vel
1308 4677 1527 4768 squamulata.

235 4803 305 4871 lluc
332 4801 500 4892 pertinent
527 4802 702 4872 sectiones
727 4801 917 4885 Tectula,
946 4799 1243 4896 Ochlbephila,
1269 4802 1495 4888 Actinella,
1522 4802 1707 4873 lanulus.

435 4927 470 4997 ll.
509 4929 609 4998 Testa
636 4929 865 5020 impersonale,
890 4929 992 5013 tenui,
1021 4949 1179 4999 convexa
1206 4931 1280 5000 scre
1307 4929 1463 5021 globosa

234 5054 288 5124 cui
321 5053 494 5123 sectiones
522 5054 724 5147 Leptaxis
759 5064 793 5125 et
818 5054 1050 5125 Plebecula
1084 5054 1364 5128 adnumerandae
1397 5066 1481 5126 sunt
1533 5056 1619 5126 llum
1652 5056 1757 5128 altera
1785 5057 1871 5129 baec
1899 5058 2041 5128 sectioni

276 5241 304 5314 t)
325 5240 428 5296 blatak.
443 5240 513 5296 Zeit.
532 5240 622 5297 1852.
645 5244 698 5301 No.
715 5244 744 5299 2.

261 5344 307 5415 ”)
329 5341 468 5413 Alban,
491 5344 535 5400 die
550 5344 681 5403 Heliceen
695 5346 765 5403 nach
780 5344 946 5402 natilrliclrer
960 5344 1199 5404 Vernaudtsehalt
1213 5347 1404 5422 systematireh
1419 5347 1558 5419 geordnet.
1588 5346 1681 5405 Berlin
1702 5348 1793 5403 1850.
