4808 6172
1370 568 1393 640 6

479 785 611 844 santenr
639 795 747 868 opere
775 783 878 866 atque
906 773 1050 844 consilio
1078 772 1330 845 officiosissime
1362 775 1523 865 adjunxit.
1576 773 1750 865 Siquidem
1778 772 1823 842 de
1857 774 2049 866 specierum
2078 773 2289 866 quarundam

478 900 637 972 allinitate
665 900 720 970 vel
747 898 793 969 de
820 899 1032 992 quaestione,
1060 897 1140 992 quid
1169 900 1307 992 species
1332 901 1484 993 quidque
1511 901 1657 971 varietas
1684 898 1734 982 sit,
1762 898 1795 967 in
1822 896 1978 970 diversas
2005 901 2191 971 sententias
2218 897 2289 969 dis·

478 1028 659 1103 cedamus;
686 1024 899 1096 nihilominus
925 1026 1058 1097 nonnisi
1086 1035 1185 1118 grato
1213 1027 1326 1098 animo
1353 1038 1456 1121 atque
1483 1047 1615 1097 summa
1641 1047 1719 1096 oum
1744 1026 1968 1097 veneratione
1994 1026 2144 1098 auctoris
2171 1025 2289 1095 claris-

479 1158 551 1225 simi
578 1154 778 1224 memoriam
806 1151 967 1222 servabo.

632 1279 830 1352 Secundum
858 1279 1121 1350 observationes
1147 1303 1253 1367 meas,
1281 1300 1465 1351 numerosa
1493 1279 1679 1371 specimina
1707 1277 1930 1372 comparandi
1957 1277 2035 1348 data
2063 1279 2229 1358 facultate,
2256 1279 2289 1346 in

478 1412 593 1479 insulis
620 1406 880 1478 bladerensibus
907 1406 1151 1476 mollnsoorum
1177 1406 1289 1478 adbuc
1316 1407 1499 1477 viventium
1533 1407 1671 1498 species
1698 1415 1832 1476 centum
1865 1414 1898 1475 et
1933 1403 2101 1487 sedecim,
2135 1405 2290 1475 tridecim

478 1536 665 1627 ¹uentribus
692 1532 938 1615 attribuendae,
966 1533 1196 1625 reperiuntur;
1223 1534 1366 1604 scilicet:

784 1660 927 1729 Generis
954 1661 1056 1729 Arion
1084 1715 1327 1729 .....
1383 1661 1397 1729 4
1432 1660 1585 1753 Species.

836 1827 853 1837 —
958 1787 1403 1856 Limax....3
1494 1825 1510 1836 ·

837 1953 853 1964 ·
956 1913 1208 1983 Testaoellus.
1262 1968 1269 1981 .
1321 1968 1329 1983 .
1383 1916 1405 1983 2
1498 1952 1513 1963 -

836 2080 853 2090 -
958 2039 1406 2110 Vitrina....2
1497 2078 1514 2089 -

837 2207 854 2216 -
959 2166 1056 2235 Helix
1082 2221 1330 2236 .....
1358 2169 1406 2236 62
1498 2205 1514 2215 -
1619 2165 1747 2235 exclus.
1778 2166 1823 2234 48
1851 2185 1919 2234 rar.
1947 2164 2060 2234 notab.

837 2333 854 2343 -
956 2292 1405 2363 Bolimus....2
1497 2332 1512 2343 -

837 2459 854 2470 ·
957 2417 1149 2490 Glandina.
1203 2477 1209 2488 .
1263 2476 1269 2488 .
1322 2422 1405 2488 ,44
1498 2459 1514 2470 -

837 2585 854 2596 -
956 2544 1051 2638 Pupa
1082 2600 1329 2616 .....
1357 2548 1400 2617 dl
1498 2585 1515 2596 -

837 2713 853 2722 ·
957 2672 1060 2742 Balea
1081 2726 1328 2741 .....
1386 2675 1399 2740 4
1496 2712 1513 2722 -

837 2839 856 2849 -
959 2800 1148 2870 Clausilia.
1199 2856 1205 2868 .
1259 2855 1266 2867 .
1320 2856 1326 2868 .
1386 2801 1404 2868 4

838 2966 854 2977 ·
957 2925 1208 3020 Cyclostoma.
1262 2980 1269 2993 .
1320 2983 1326 2994 .
1381 2929 1403 2997 2
1496 2964 1512 2975 -

837 3092 854 3102 -
958 3053 1138 3122 limnaeus
1204 3109 1210 3120 .
1264 3108 1270 3120 .
1325 3107 1331 3120 .
1388 3057 1401 3123 4

840 3220 856 3230 -
959 3179 1149 3274 Ancylus.
1203 3155 1270 3247 .⁸.
1323 3235 1329 3247 .
1387 3184 1400 3246 4
1496 3217 1514 3227 ·

1333 3300 1402 3366 446
1433 3296 1587 3388 Species.

633 3427 772 3498 lantum
799 3446 864 3517 pro
892 3426 1018 3518 exiguo
1046 3425 1229 3495 insularum
1251 3426 1362 3519 spatio
1382 3423 1625 3493 mollnsoorum
1647 3444 1823 3494 numerum
1843 3426 1995 3517 reperiri,
2023 3427 2155 3495 nonnisi
2175 3428 2293 3496 mirum

484 3553 669 3634 ridebitur;
695 3574 773 3622 nam
792 3552 981 3645 praecipue
1003 3552 1130 3621 insulas
1151 3552 1247 3622 hisce
1269 3550 1470 3622 animalibus
1490 3548 1678 3634 abundare,
1705 3571 1794 3643 quae
1822 3571 1879 3620 res
1902 3551 2125 3622 verisimiliter
2147 3575 2192 3624 ex
2211 3564 2294 3624 a'e're

483 3682 651 3752 maritimo
678 3700 819 3772 semper
845 3676 984 3749 humido
1011 3677 1157 3772 pendet,
1190 3679 1272 3749 satis
1299 3679 1472 3770 cognitum
1499 3688 1560 3746 est.
1612 3678 1799 3748 Memoriae
1832 3698 1916 3749 vero
1951 3677 2183 3772 dignissimum
2216 3681 2296 3752 mihi

484 3809 628 3889 videtur,
655 3806 822 3876 mollnsca
841 3805 1058 3878 maderensia
1077 3825 1189 3898 aeque
1209 3815 1311 3898 atque
1332 3806 1472 3875 aliarum
1492 3805 1675 3874 insularum
1696 3813 1941 3896 terrarumque,
1960 3804 2163 3899 adspectum
2184 3831 2296 3901 quon-

484 3936 562 4005 ‹lam
589 3936 739 4030 typicum
767 3953 982 4003 communem
1009 3931 1191 4026 praebere,
1217 3954 1287 4025 quo
1315 3931 1359 4004 ab
1387 3932 1545 4002 omnibns
1571 3931 1643 4001 aliis
1670 3930 1769 4001 laoile
1796 3928 1956 4023 distingui
1981 3945 2135 4026 possunt.
2179 3935 2295 4019 Quan-

484 4075 552 4132 tum
580 4083 626 4132 ex
652 4061 751 4132 brevi
778 4061 1049 4130 commoratione
1076 4061 1108 4129 in
1128 4061 1294 4131 Azoribus
1321 4061 1437 4131 insutis
1467 4056 1627 4130 concludi
1651 4066 1775 4150 potest,
1802 4056 2045 4130 mollnsoorum
2070 4062 2135 4133 illic
2162 4061 2294 4154 indige-

485 4212 606 4259 normn
634 4196 734 4283 typus
760 4186 1023 4258 maderensibos
1050 4187 1197 4258 maxime
1220 4186 1332 4257 alirnis
1351 4194 1504 4281 apparet,
1532 4184 1688 4277 quamvis
1711 4183 1808 4253 Helix
1829 4184 1957 4276 pisana,
1982 4186 2101 4272 lactea,
2128 4189 2296 4282 adspersa

489 4318 644 4408 aliaeque
672 4315 811 4408 species
837 4333 906 4384 non
939 4314 1050 4383 minus
1083 4336 1159 4384 curn
1194 4315 1295 4385 launa
1321 4314 1480 4407 Europae
1507 4311 1720 4382 meridionali
1747 4311 1919 4403 marisque
1944 4312 2185 4386 mediterranei
2211 4338 2297 4387 con-

488 4450 618 4533 gruunt.
657 4441 842 4512 Praeterea
860 4441 1043 4511 nonnullae
1066 4441 1204 4534 species
1226 4440 1452 4512 maderenses
1473 4440 1573 4509 etiam
1599 4439 1631 4509 in
1657 4437 1774 4507 insulis
1793 4437 2054 4510 Canariensibus
2075 4444 2297 4533 reperiuntur,

491 4590 633 4661 quarum
662 4570 762 4639 launa
790 4578 942 4639 ceterum
969 4579 1084 4662 typum
1112 4568 1289 4660 proprium
1310 4568 1366 4638 vel
1387 4567 1566 4637 hlrieanae
1590 4565 1734 4636 similem
1758 4565 1919 4657 praebet;
1945 4565 2026 4636 dum
2052 4575 2152 4662 typus
2180 4570 2297 4641 made-

491 4696 601 4764 rensis
628 4716 805 4788 europaeo
838 4695 948 4787 magis
979 4692 1090 4765 atlinis
1124 4703 1194 4777 est,
1227 4693 1322 4786 quod
1356 4693 1543 4788 praecipue
1574 4692 1766 4763 numerosis
1797 4693 1936 4785 generis
1962 4692 2077 4787 Pupae
2103 4697 2297 4790 speciebus,

491 4821 665 4904 tllausiliis
693 4821 933 4915 helioibusque
961 4842 1050 4913 quae
1077 4828 1204 4890 turmas
1230 4819 1389 4913 Europae
1416 4820 1576 4914 proprias
1602 4828 1870 4913 repraesentant,
1897 4818 2016 4890 elucet.

641 4946 778 5016 Scilicet
801 4948 921 5019 tannae
944 4958 1045 5042 typus
1065 4957 1178 5017 terrae
1199 4945 1376 5036 cujusdam
1401 4946 1442 5015 iis
1465 4954 1591 5016 tantum
1611 4945 1797 5037 generibus
1817 4952 1920 5036 atque
1943 4949 2128 5039 speciebus
2155 4954 2298 5044 exprimi

492 5083 620 5165 potest,
648 5094 738 5165 qnae
765 5094 810 5144 ex
837 5075 968 5165 origine
995 5075 1093 5168 quasi
1119 5071 1371 5144 autochthones
1397 5071 1523 5143 ibidem
1551 5073 1716 5145 vixerunt.
1766 5070 1884 5163 ltaque
1911 5075 2085 5166 proprium
2113 5078 2299 5149 mollnsoo-

493 5221 566 5270 rum
592 5198 844 5272 Maderensium
871 5209 986 5292 typum
1012 5199 1318 5283 considerantibus,
1345 5200 1445 5271 nobis
1471 5219 1491 5270 a
1517 5200 1623 5293 priori
1650 5218 1781 5292 genera
1806 5196 2026 5273 Limnaens
2054 5213 2088 5274 et
2113 5206 2299 5299 Ancylns

495 5325 712 5397 excludenda
743 5338 836 5405 sunt,
870 5347 1014 5417 quorum
1044 5328 1182 5420 species
1214 5325 1318 5409 duas,
1351 5326 1547 5399 Limnaemn
1573 5326 1736 5397 minutum
1763 5324 1853 5416 llrap
1880 5336 1913 5396 et
1938 5330 2103 5424 Ancylum
2128 5330 2299 5402 adoneum
