4808 6172
1137 566 1159 636 5

239 775 401 866 sequitur.
441 772 475 841 ln
505 772 648 863 regione
674 771 777 863 paulo
805 771 1009 843 demissiore
1032 764 1168 863 (t500')
1191 771 1336 863 Opuntia
1363 769 1552 840 decumana
1581 791 1729 864 quoque,
1758 789 1847 862 quae
1876 786 1920 837 ex
1947 766 2049 835 maris

240 900 349 969 littore
377 898 489 968 omnia
517 899 594 970 loca
620 898 758 981 inculta,
786 900 987 992 praesertim
1015 919 1057 968 ea
1085 919 1173 991 qnae
1201 897 1371 968 devolutis
1398 899 1490 967 saxis
1517 897 1687 968 basalticis
1715 897 1851 967 obtecta
1878 900 1970 976 sunt,
1998 892 2048 960 in·

239 1025 345 1109 ducit,
368 1024 534 1115 jamnon
562 1026 746 1107 invenitur,
780 1026 903 1117 quibus
930 1027 963 1094 in
990 1025 1077 1095 locis
1104 1022 1190 1095 baec
1218 1025 1331 1118 planta
1360 1045 1425 1093 una
1453 1046 1530 1094 cum
1555 1025 1721 1094 llosarum
1750 1020 1934 1116 speciebus
1961 1040 2047 1088 non-

239 1151 344 1234 nullis
373 1150 497 1222 Punica
524 1162 710 1243 granatum,
738 1152 844 1246 llyrto
873 1152 1051 1236 communi,
1078 1152 1280 1221 llosmarino
1309 1151 1475 1236 olticinali,
1503 1151 1693 1243 Pelargonii
1720 1148 1905 1242 speciebus
1933 1146 2047 1238 (prae—

238 1279 338 1371 cipue
363 1278 492 1370 Pelarg.
513 1279 623 1348 zonali
651 1290 685 1349 et
711 1277 917 1372 inquinante)
946 1279 1099 1359 luxuriet,
1126 1276 1214 1348 lrorti
1241 1280 1376 1349 amoeni
1404 1279 1605 1371 adspectum
1631 1279 1751 1348 tribuit.
1792 1276 1935 1369 Opuntia
1961 1296 2044 1344 vero

237 1411 406 1488 cessante,
433 1407 550 1497 Agave
576 1408 767 1477 americana
796 1406 918 1497 incipit,
946 1427 1013 1497 qua
1040 1407 1071 1473 in
1101 1406 1153 1475 illa
1181 1407 1324 1497 regione
1352 1405 1396 1475 ad
1423 1404 1739 1500 circumsepiendos
1766 1402 1886 1473 hortos
1911 1411 2045 1471 utuntur

236 1531 425 1623 agricolae;
451 1542 634 1624 praeterea
661 1534 760 1603 etiam
788 1534 820 1601 in
848 1533 939 1601 saxis
968 1532 1157 1603 declivibus
1184 1554 1294 1625 usque
1321 1532 1366 1602 ad
1392 1533 1599 1602 altitudinem
1627 1527 1737 1604 2000'
1765 1532 1963 1621 frequenter
1989 1550 2046 1597 re·

238 1659 372 1750 peritur.
425 1658 558 1730 Deinde
592 1668 782 1753 sequuntur
808 1662 996 1729 castaneae
1029 1681 1156 1730 vescae
1190 1658 1295 1752 (inter
1329 1654 1655 1752 2001102500)
1690 1668 1724 1729 et
1756 1658 1825 1727 Pini
1860 1656 2044 1724 maritimae

239 1779 480 1875 (1010125011
507 1796 541 1854 et
568 1780 695 1878 3000')
724 1787 903 1878 regiense,
938 1808 1041 1879 supra
1076 1807 1136 1855 eas
1170 1787 1325 1878 cingulus
1358 1788 1439 1855 satis
1472 1796 1635 1879 augustus
1662 1788 1781 1856 Ericae
1814 1783 1984 1853 arboreae
2011 1789 2045 1849 et

236 1912 418 2004 scopariae
445 1913 602 1982 occurrit
640 1913 711 1983 lam
733 1914 926 1982 Vaccininm
954 1911 1160 1984 maderense
1181 1913 1271 1997 Linlr,
1300 1915 1443 1984 eximius
1466 1934 1550 1984 sane
1578 1923 1612 1983 et
1637 1932 1806 2006 procerus
1833 1908 2043 1981 arbusculus.

236 2036 441 2109 altitudinem
474 2033 739 2131 restringens,
772 2039 815 2108 ad
844 2040 989 2109 nltimam
1017 2039 1177 2109 arborum
1206 2042 1384 2132 regionem
1412 2041 1584 2136 perducit3
1618 2039 1705 2110 banc
1733 2059 1817 2109 vero
1847 2036 2042 2116 Laurineac,

238 2163 396 2235 lladerae
431 2166 560 2236 insulae
595 2165 791 2258 indigenae,
824 2168 1024 2259 praesertim
1053 2168 1179 2236 Laurus
1207 2171 1431 2253 canariensis,
1465 2166 1697 2259 Oreodapbne
1725 2168 1875 2247 loetenS,
1904 2161 2043 2231 Phoebe

237 2291 429 2362 barbnsana
454 2313 565 2384 usque
592 2292 636 2362 nd
664 2293 870 2363 altitudinem
899 2287 1008 2363 3500'
1036 2306 1219 2387 occupant,
1254 2317 1357 2388 quae,
1386 2318 1455 2389 quo
1482 2297 1579 2367 altius
1607 2295 1836 2387 reperiuntur,
1863 2311 1907 2360 eo
1935 2286 2043 2377 magis

236 2419 494 2489 arbusculorum
524 2420 667 2489 formam
693 2420 869 2513 praebent.
909 2420 1029 2512 Neque
1058 2422 1141 2491 ultra
1169 2423 1303 2514 plantae
1331 2423 1491 2493 elatiores
1513 2432 1704 2506 occurrunt,
1732 2417 1796 2490 sed
1822 2417 1949 2511 passim
1969 2424 2044 2483 tan·

236 2555 304 2615 tum
330 2567 413 2615 saxa
441 2546 576 2638 Spartio
603 2548 764 2640 scopario
792 2558 826 2617 et
854 2547 962 2616 rarius
989 2547 1081 2617 Ulice
1109 2568 1286 2641 europaeo
1315 2560 1492 2619 ornantur:
1524 2549 1729 2620 altitudinem
1757 2544 1907 2636 denique
1937 2536 2043 2611 111011

234 2671 429 2757 adsecutus,
457 2674 591 2743 nonnisi
617 2675 790 2765 graminea
819 2674 978 2743 nonnulla
1005 2684 1107 2767 atque
1134 2673 1241 2745 filices
1269 2677 1409 2768 reperis

389 2800 523 2870 Haecce
551 2801 740 2892 plantarum
766 2801 966 2884 distributio,
993 2824 1082 2893 qnae
1110 2802 1339 2872 meridionalis
1367 2803 1496 2872 insulae
1523 2802 1628 2893 partis
1655 2802 1795 2893 propria
1823 2807 1883 2880 est,
1912 2817 1979 2863 rron
2009 2795 2040 2860 in

235 2926 393 2996 omnibus
420 2927 505 2996 locis
538 2928 612 3019 pari
645 2926 750 2998 modo
784 2928 959 3021 reperitur.
1012 2930 1144 2999 llovera
1178 2930 1463 3021 septentrionales
1495 2928 1625 2997 insulae
1660 2927 1821 3018 regiones
1854 2921 2041 3015 praecipue

236 3052 298 3124 bac
327 3076 364 3124 re
392 3053 565 3123 diversum
593 3053 792 3147 adspectum
821 3055 1003 3147 praebent,
1031 3055 1126 3148 quod
1152 3056 1232 3125 Vitis
1259 3057 1421 3126 viniferae
1449 3056 1529 3125 loco
1555 3055 1622 3124 Zea
1649 3055 1733 3123 mais
1760 3060 1862 3144 atque
1884 3049 2040 3118 Triticum

235 3181 399 3251 aestivum
435 3181 591 3251 coluntur
618 3191 652 3251 et
678 3179 772 3273 quod
806 3183 922 3275 sylvae
957 3183 1127 3253 lauriueae
1164 3183 1366 3275 profundius
1400 3180 1615 3252 descendunt
1650 3183 1836 3270 lancesque
1869 3176 1912 3245 ad
1946 3193 2040 3241 rnare

236 3306 460 3378 decurrentes
487 3308 728 3378 amoenissima
757 3318 932 3378 exornant.

387 3434 484 3518 Quae
512 3434 557 3506 de
585 3436 739 3504 locorum
768 3433 964 3506 conditione
992 3435 1169 3528 bucusque
1197 3436 1274 3521 dixi,
1302 3438 1457 3530 quamvis
1485 3435 1635 3506 breviter
1660 3433 1858 3503 adumbrata
1886 3430 1964 3511 sint,
1991 3435 2042 3493 ta-

234 3579 312 3628 ruen
339 3559 384 3631 ad
412 3558 591 3654 ea,²quae
618 3561 663 3631 de
690 3563 934 3632 molluscorum
960 3564 1170 3633 terrestrium
1198 3571 1232 3632 et
1258 3584 1421 3654 aquarum
1450 3562 1597 3632 dulcium
1625 3562 1713 3631 vitae
1741 3560 1871 3629 ratione
1898 3554 2040 3643 alligant.

234 3689 425 3757 accuratius
452 3687 670 3780 intelligenda
697 3687 858 3758 sufficere
885 3691 1008 3781 putavi.

388 3802 660 3885 Primas'antem
695 3817 1020 3886 communicationes
1054 3817 1099 3887 de
1131 3817 1305 3886 molluscis
1340 3816 1506 3886 nonnullis
1534 3812 1793 3884 bladerensibus
1821 3834 1912 3881 anno
1949 3809 2039 3876 1821

235 3941 315 4009 lecit
337 3938 371 4009 G.
387 3941 421 4010 Β.
436 3940 604 4034 Sowerby
634 3943 680 4011 in:
701 3941 898 4032 Zoological
919 3942 1057 4012 Journal
1083 3944 1144 4013 No.
1161 3946 1191 4012 1.
1219 3964 1309 4012 mars
1337 3963 1412 4034 pag.
1428 3943 1485 4023 56,
1513 3951 1647 4033 septem
1675 3940 1820 4011 belinum
1848 3938 1993 4031 speeies,
2020 3956 2038 4002 a

234 4044 406 4137 navarcbo
427 4067 592 4138 Bovvdiclr
619 4070 651 4137 in
680 4069 784 4138 insula
814 4068 916 4140 Porto
944 4078 1041 4139 santo
1070 4069 1233 4139 collectas
1261 4069 1479 4149 describens;
1507 4078 1630 4160 postea
1657 4070 1701 4138 Cl.
1724 4065 1837 4136 ll'ood
1866 4068 1896 4134 in
1918 4062 2040 4132 lndieis

234 4194 490 4285 testaceologici
518 4196 757 4289 supplemento
786 4197 920 4288 etipse
948 4199 1085 4289 species
1113 4197 1292 4266 nonnullas
1320 4195 1510 4287 publicavit.
1563 4196 1635 4266 Sed
1662 4197 1766 4265 multo
1793 4192 1932 4282 majoris
1959 4211 2041 4283 spe-

234 4321 362 4389 ciemm
389 4325 519 4392 numeri
547 4322 778 4413 cognitionem
804 4323 866 4392 viri
893 4323 1068 4393 clarissimi
1095 4323 1130 4392 ll.
1150 4324 1187 4392 T:
1207 4325 1328 4406 Lou'e,
1362 4324 1541 4392 scrutatori
1569 4324 1743 4393 indefesso
1772 4321 1957 4401 debemuS,
1984 4319 2040 4409 qui

233 4447 403 4517 ecclesiae
431 4449 591 4541 anglicae
618 4448 794 4533 sacerdos,
822 4450 955 4541 triginta
982 4471 1045 4541 per
1070 4469 1180 4519 annos
1208 4457 1242 4519 ct
1267 4470 1370 4541 supra
1397 4451 1428 4517 in
1458 4448 1596 4519 lladera
1624 4450 1728 4518 insula
1757 4448 1845 4518 vixit.
1898 4446 2041 4537 Specie-

234 4595 308 4643 rum
334 4596 437 4661 vero,
472 4597 559 4667 quas
586 4574 729 4660 detexit,
762 4575 901 4645 alteram
934 4584 1066 4669 partem
1100 4596 1190 4645 anno
1222 4577 1312 4644 1831
1345 4577 1392 4644 1οε
1427 4577 1664 4646 Transactions
1692 4577 1731 4645 01
1753 4573 1810 4645 the
1837 4572 2041 4663 Cambridge

234 4698 480 4795 philosophical
514 4704 661 4796 society,
695 4702 766 4771 Vol.
787 4702 837 4783 lV,
864 4723 945 4795 pars
966 4704 986 4772 l.
1020 4703 1129 4772 titulo:
1164 4702 1328 4773 Primitiae
1363 4704 1485 4772 sannae
1511 4703 1672 4773 lladerae
1708 4714 1742 4773 et
1775 4703 1896 4773 Portus
1924 4700 2039 4781 sancti,

233 4827 373 4897 alteram
398 4850 509 4921 nuper
535 4831 583 4899 in:
615 4828 740 4899 Annals
767 4828 834 4897 and
862 4831 1036 4921 llagnzine
1064 4831 1104 4899 ol
1128 4830 1255 4898 natural
1283 4829 1410 4923 bistorq¹
1439 4831 1492 4898 lor
1518 4830 1690 4924 February
1718 4828 1785 4900 and
1812 4828 1902 4921 ,tprtt
1934 4828 2039 4896 latta.

233 4953 343 5022 titulo:
370 4954 537 5048 Synopsis
563 4955 775 5048 diagnostica
802 4957 875 5026 sive
902 4958 1040 5049 species
1061 4955 1229 5049 quaedam
1252 4979 1362 5028 novae
1381 4957 1623 5026 molluscorum
1651 4957 1861 5028 terrestrium
1888 4955 1920 5023 in
1948 4954 2039 5022 insu-

234 5080 272 5149 lis
299 5079 558 5152 Maderensibus
585 5083 759 5167 detectae,
786 5082 976 5174 publicavit.
1020 5084 1092 5154 Nec
1120 5104 1261 5176 possum
1290 5086 1368 5176 quin
1396 5082 1472 5152 huic
1500 5083 1610 5153 amico
1637 5106 1716 5155 meo
1745 5083 1954 5159 doctissimo,
1983 5083 2038 5171 qui

232 5206 522 5299 disquisitionibus
548 5207 820 5303 ichthyologicis,
848 5210 1117 5302 malaeologicis,
1146 5210 1311 5280 botanieis
1339 5212 1480 5303 egregie
1508 5210 1552 5282 de
1579 5211 1761 5281 insularum
1789 5208 2037 5281 bladerensium

232 5331 371 5405 historia
400 5335 538 5405 naturali
565 5337 703 5407 moritus
730 5348 798 5423 est,
831 5341 970 5430 gratiam
998 5357 1098 5428 quam
1127 5338 1305 5407 maximam
1341 5336 1497 5423 reddam,
1532 5338 1627 5433 qnod
1655 5339 1686 5407 in
1713 5337 1851 5409 lllndera
1877 5358 1933 5406 me
1960 5356 2038 5405 ver·
