4808 6172
1170 503 1218 577 76

287 722 358 813 ‘pro
384 729 482 812 parte
508 716 721 810 regularibus
747 713 920 786 octaedris
947 713 1207 806 microscopicis
1229 713 1404 805 eleganter
1425 711 1675 807 crystallisatus,
1702 708 1859 780 admixtis
1879 707 2004 779 Olivini
2026 726 2117 800 grn-

294 845 395 929 nulis,
427 842 506 913 mibi
534 843 691 914 occurrit
744 840 877 913 Deinde
904 839 1264 932 altiusdescendens,
1297 837 1361 909 sed
1394 837 1507 911 adhuc
1538 858 1642 930 supra
1669 846 1807 907 stratum
1835 837 2039 921 calcarium,
2074 834 2116 904 in

293 969 386 1040 13113
413 971 544 1063 singula
567 970 761 1062 fragmenta
787 969 935 1052 cinerea,
961 967 1046 1038 Boio
1075 965 1166 1037 baud
1193 966 1374 1051 dissimilia,
1401 949 1466 1060 pro
1492 974 1590 1059 parte
1618 965 1859 1058 corpusculum
1886 962 2027 1033 niveum
2054 960 2117 1031 in-

295 1096 473 1182 cludenlia,
500 1097 624 1190 reperi,
651 1095 746 1190 quod
773 1095 889 1190 argilla
916 1094 1031 1166 silicea
1057 1104 1093 1165 et
1118 1114 1207 1186 3333
1228 1095 1463 1187 compositum,
1490 1092 1715 1164 verisimiliter
1735 1100 1768 1163 et
1794 1093 1904 1183 ipsum
1923 1111 1990 1184 pro
2012 1088 2114 1160 Allo-

294 1225 408 1318 phane
433 1222 631 1295 babendum
657 1232 719 1296 est
1660 1230 1663 1234 '
1757 1206 1760 1212 ¹
1887 1234 1890 1239 ·
1969 1196 1972 1201 .

448 1351 520 1421 lam
547 1359 729 1443 postquam
756 1369 800 1419 33
829 1368 940 1440 usque
962 1345 1181 1434 descendisti,
1209 1345 1267 1416 ubi
1293 1346 1369 1417 calx
1395 1346 1518 1439 incipit,
1546 1347 1825 1417 transversarium
1852 1346 1974 1438 ligulae
1998 1364 2116 1415 31133-

296 1481 469 1549 vallonem
496 1478 528 1546 in
549 1477 659 1570 pelvis
678 1475 819 1546 modum
840 1473 1072 1544 confirmatam
1093 1473 1343 1559 animadvertis,
1371 1482 1405 1544 el
1431 1473 1463 1542 in
1492 1493 1533 1543 33
1553 1475 1729 1566 proprium
1755 1484 1894 1545 stratum
1921 1472 2114 1543 calcarium

297 1616 399 1698 31333
426 1604 672 1674 molluscorum·
698 1603 863 1672 [ossillum
890 1602 1066 1694 reperitur.
1107 1601 1281 1672 Orientem
1308 1621 1441 1684 versus,
1469 1599 1525 1669 ubi
1551 1601 1609 1669 vix
1636 1594 1721 1673 200‘
1748 1602 1780 1670 in
1808 1595 2015 1671 latitudinem
2043 1621 2115 1692 pa—

298 1742 354 1816 tet,
382 1730 559 1802 excavatio
586 1730 641 1799 illa
668 1730 772 1822 nigris
799 1727 1021 1821 abruptisque
1048 1729 1144 1799 collis
1170 1728 1252 1798 Pico
1273 1727 1319 1798 da
1341 1726 1480 1821 pietade
1506 1728 1692 1817 parielibus
1719 1728 1923 1814 terminatur,
1950 1728 2050 1816 cujus
2076 1727 2114 1795 in

299 1859 425 1929 vertice
452 1850 561 1949 (350')
590 1856 769 1940 sacellum,
797 1853 889 1927 unde
916 1875 1059 1940 nomen,
1093 1853 1308 1926 aedificatum
1336 1864 1404 1935 est;
1435 1874 1559 1924 versus
1587 1875 1749 1925 occasum
1777 1863 1890 1928 autem
1917 1853 2116 1927 clementer

299 1982 492 2076 adsurgens
519 1981 702 2083 usquead
729 1982 935 2053 latitudinem
966 1976 1073 2052 t500'
1100 1980 1269 2066 dilatatur,
1298 1982 1413 2052 donec
1438 1979 1471 2048 in
1497 1978 1671 2051 radicibus
1698 1983 1795 2052 collis
1822 1983 1953 2068 „Ponta
1978 1982 2115 2052 Rostn”

299 2110 402 2181 tinem
429 2111 528 2203 capit
573 2109 639 2192 Qui
664 2129 870 2202 quamquam
898 2103 982 2179 300'
1009 2118 1135 2179 lantum
1161 2130 1181 2180 3
1209 2109 1293 2178 13311
1319 2105 1483 2187 ascendit,
1509 2116 1623 2178 tumen
1650 2130 1670 2179 3
1696 2107 1839 2180 1311133
1854 2129 1918 2180 suo
1945 2110 2114 2180 exirnium

300 2245 522 2331 prospectum
554 2236 588 2306 in
620 2237 699 2308 1333
729 2236 845 2306 vicina
872 2237 1140 2329 septentrionem
1173 2255 1296 2305 versus
1329 2236 1392 2305 sita
1422 2234 1583 2327 praebet:
1615 2236 1648 2305 13
1677 2237 1790 2308 113313
1806 2238 1906 2308 33131
1932 2237 2115 2329 ingentem

300 2363 381 2435 Pico
409 2343 582 2447 castanbo,
609 2362 655 2433 ad
681 2364 849 2433 sinistram
870 2371 1006 2433 montes
1026 2361 1225 2456 oppidulum
1244 2358 1398 2431 Mucbico
1425 2360 1685 2447 circumdantes,
1712 2363 1756 2434 ad
1785 2364 1941 2435 dextram
1965 2372 2118 2457 septen-

301 2490 463 2561 trionales
489 2490 619 2560 insulae
645 2509 759 2583 rupes,
785 2489 986 2582 praesertim
1013 2511 1134 2560 saxum
1160 2488 1358 2569 basalticum
1385 2487 1526 2574 „Penba
1553 2489 1713 2582 d’rlguia”
1740 2483 1850 2562 2000'
1877 2490 1978 2562 altum
2005 2511 2116 2584 pror-

302 2637 431 2708 susque
457 2593 585 2686 nudum
613 2617 819 2709 conspicere
846 2617 931 2688 licet
1799 2604 1801 2610 ’

456 2741 571 2842 Quam
590 2762 678 2814 vero
705 2740 750 2813 de
777 2745 871 2815 strati
897 2742 1031 2814 33133111
1054 2750 1166 2813 331313
1187 2743 1356 2835 consequi
1374 2731 1548 2835 possimus
1569 2741 1812 2832 conjecturam,
1836 2742 1905 2815 boc
1931 2746 2010 2816 loco
2038 2765 2119 2816 3111-

302 2871 390 2962 plius
416 2871 600 2963 explicare,
616 2868 670 2940 -ad
697 2879 884 2963 sequentes
912 2868 1166 2962 disquisitiones
1192 2867 1284 2940 baud
1309 2869 1424 2940 inutile
1444 2867 1523 2939 mihi
1544 2867 1685 2940 videtur.
1724 2869 1815 2939 Duas
1843 2872 1932 2941 enirn
1950 2870 2120 2944 diversas

304 2998 381 3068 calx
412 2973 570 3091 praebet
585 2997 729 3079 lormas;
763 2998 872 3068 rarius
899 3005 1062 3068 straturus
1090 2997 1169 3066 2-
1184 2990 1251 3066 l0''
1277 3017 1413 3067 crassas
1446 3011 1677 3089 componens,
1710 2996 1816 3089 lapidi
1846 2998 1960 3092 spisso
1992 2999 2118 3073 albido

304 3124 436 3208 similis,
468 3126 565 3216 quasi
592 3146 697 3218 supra
721 3125 847 3195 Tutiam
876 3123 982 3195 effusa
1009 3123 1193 3216 reperitur;
1223 3123 1364 3216 saepius
1396 3132 1515 3194 contra
1541 3122 1662 3195 bacilla
1687 3103 1898 3195 multifariam
1926 3126 2121 3198 ramilicnta

306 3259 340 3321 et
365 3250 591 3340 crassitudine
617 3252 705 3322 inter
732 3245 775 3320 6''
796 3260 831 3321 et
853 3245 908 3323 2'''
933 3250 1097 3320 variantia
1123 3250 1323 3334 conformat,
1350 3270 1439 3341 3333
1464 3249 1557 3320 Tutia
1584 3252 1726 3321 contrita
1753 3273 1939 3346 rursusque
1966 3256 2123 3347 conglo-

306 3361 433 3446 merata
459 3377 683 3448 involvuntur.

460 3504 540 3575 Pico
568 3504 612 3576 da
638 3503 786 3599 pietede,
813 3502 858 3573 de
885 3525 954 3596 quo
983 3504 1138 3590 diximus,
1165 3502 1208 3575 nd
1230 3503 1388 3574 continua
1412 3503 1546 3573 collium
1569 3504 1662 3596 juga,
1690 3507 1722 3574 in
1743 3505 1957 3578 meridionali·
1980 3508 2122 3582 insulae

307 3640 404 3724 perte
427 3631 523 3720 juste
549 3653 642 3704 mare
668 3640 829 3725 porrecta
856 3632 1017 3723 pertinet;
1045 3652 1135 3724 3333
1162 3651 1266 3722 quum
1289 3630 1406 3722 priora
1425 3629 1540 3702 Tuffae
1561 3639 1665 3703 strata
1685 3634 1881 3704 sustulerint
1906 3643 1941 3705 et
1955 3637 2122 3710 ‘maxima

308 3763 353 3828 ex
378 3768 477 3851 parte
502 3760 745 3852 perfregerint,
778 3759 853 3829 sine
887 3757 993 3828 dubio
1026 3760 1148 3829 massis
1181 3755 1328 3828 mediam
1360 3756 1503 3827 insulam
1535 3760 1794 3852 occupantibus.
1810 3762 2010 3833 recentioris
2038 3775 2125 3836 sunt

308 3895 413 3956 ortus.
451 3887 551 3979 Atqui
570 3887 673 3986 [collis
701 3887 756 3956 ille
782 3906 852 3956 non
879 3885 990 3956 solum
1011 3885 1138 3956 Tutiam
1165 3885 1239 3956 1313
1265 3883 1448 3976 usquead
1476 3884 1639 3955 verlicem
1666 3907 1776 3970 suum,
1800 3887 1866 3959 sed
1892 3889 1925 3958 in
1951 3890 2125 3964 meridio-

309 4014 374 4084 nali
401 4025 497 4107 parte
526 4013 626 4084 etiarn
653 4023 792 4083 stratum
816 4013 996 4083 calcarium
1018 4013 1133 4084 Tuffae
1160 4013 1353 4106 impositum
1373 4032 1491 4082 secum
1519 4014 1658 4098 sustulit,
1687 4015 1856 4114 ejusmodi
1883 4016 2024 4087 utillud
2051 4016 2125 4091 bo-

309 4140 365 4211 die
392 4141 436 4211 ad
461 4163 542 4212 3313
561 4161 620 4211 se-
636 4141 801 4234 applicet3
829 4160 896 4231 333
923 4140 968 4210 (13
995 4161 1100 4210 causa
1127 4141 1211 4225 calx,
1238 4160 1328 4232 3333
1355 4139 1388 4208 13
1415 4138 1516 4230 ligula
1542 4138 1648 4210 Ponte
1672 4163 1734 4212 sno
1754 4144 1911 4214 Lorenzo
1939 4147 2124 4237 reperitur,

309 4266 545 4338 recentissima
568 4245 724 4347 Basnltae
752 4267 931 4360 emptione
958 4267 1155 4358 antiquioris
1182 4265 1340 4337 habenda
1368 4274 1421 4335 est
1446 4267 1574 4336 aetatis.
1678 4328 1682 4335 .

388 4438 392 4447 ·
463 4395 544 4466 Calx
567 4394 811 4478 bacilliiormis,
838 4414 940 4486 33331
957 4392 1050 4463 Tulin
1075 4415 1195 4486 parum
1216 4393 1326 4464 dense
1352 4392 1609 4484 conglomerata
1637 4396 1818 4469 involutam
1847 4397 2000 4483 diximus,
2030 4418 2125 4471 non-

311 4521 375 4592 nisi
399 4523 431 4591 in
459 4523 551 4615 pelvi
577 4522 631 4592 illa
658 4521 781 4614 ligulae
808 4530 1005 4592 transversa
1032 4529 1066 4590 31
1091 4521 1304 4614 praesertim
1323 4520 1460 4612 quidem
1487 4524 1519 4593 in
1552 4522 1656 4593 limbo
1684 4523 1759 4612 ejus
1786 4526 1968 4616 reperitur;
2001 4545 2125 4620 neque

313 4645 456 4718 dubitari
481 4658 612 4741 potest,
647 4649 726 4740 quin
760 4649 792 4718 13
826 4648 1064 4719 stalactitarum
1083 4646 1236 4736 modum
1269 4647 1325 4718 vel
1359 4658 1455 4721 certe
1482 4649 1879 4744 33333113113313311.
1929 4651 1964 4721 ln
1991 4672 2126 4746 aspera

182 4803 186 4809 ·
312 4793 399 4844 vero
426 4774 624 4874 bacillcrum
652 4775 835 4868 superlicie
861 4775 918 4845 tlt
939 4773 1107 4844 [13111131
1133 4774 1341 4867 microscopi
1368 4796 1438 4868 ope
1464 4779 1642 4870 pulverem
1663 4777 1874 4847 vulcanicum
1902 4778 2021 4871 partim
2049 4780 2126 4852 ler-

313 4922 409 4972 reum
430 4902 552 4994 partim
571 4902 699 4994 lingitis
719 4903 956 4996 compositum,
984 4910 1018 4972 et
1039 4901 1167 4994 passim
1186 4921 1328 4994 quoque
1348 4901 1503 4975 Cbloritis
1530 4904 1669 4998 granula
1698 4903 1903 4989 observavit,
1929 4925 2019 4998 qnae
2039 4920 2128 5000 par*

242 5069 247 5079 ·
312 5029 435 5100 1133133
462 5029 564 5100 3113111
589 5027 702 5099 Τ111133
735 5031 906 5101 immixtae
940 5030 1163 5122 reperiuntur.
1207 5029 1382 5099 Nonnullis
1415 5031 1447 5100 in
1481 5032 1566 5102 locis
1594 5031 1657 5101 sub
1685 5031 1852 5124 spissiore
1876 5032 1969 5103 Tulin
1994 5052 2127 5127 super·

314 5147 534 5249 impendente
560 5143 681 5238 bacilla
706 5157 760 5228 illa
786 5158 931 5230 calcaria
956 5156 1168 5250 longitndine
1187 5157 1266 5226 6-
1281 5151 1336 5227 to'
1362 5166 1464 5250 alque
1491 5179 1637 5251 prorsus
1663 5157 1753 5227 nuda
1778 5157 1858 5234 mibi
1885 5166 2126 5250 occurrerunt

221 5289 223 5294 ’
314 5283 407 5375 quod
429 5282 566 5376 quidem
595 5302 642 5353 ex
668 5302 710 5353 ea
737 5305 774 5354 re
803 5285 976 5379 pependit,
1003 5282 1099 5377 quod
1117 5281 1219 5369 Tulle,
1245 5305 1336 5376 3333
1359 5287 1604 5357 excavationes
1622 5286 1695 5356 illes
1716 5277 1924 5380 expleuerat,
1951 5287 2124 5363 imbribus
