4808 6172
1474 551 1497 620 8

584 757 755 826 Pornatiae
788 778 827 825 se
860 756 1023 849 applicat,
1058 758 1163 849 prima
1200 758 1252 827 illa
1286 759 1406 851 partim
1440 756 1484 827 ad
1518 758 1707 827 sectionem
1734 758 1915 838 Creneam,
1952 757 2071 849 partim
2106 755 2150 824 ad
2178 752 2386 825 Chilotrern

585 906 674 975 quae
702 884 777 953 sola
803 883 875 953 llel.
905 880 1051 976 lapicida
1079 882 1250 967 tormatur,
1277 884 1477 977 adjungitur.

733 1009 892 1078 Formam
918 1018 1031 1079 autem
1058 1031 1200 1103 prorsus
1227 1012 1433 1104 singularem
1460 1010 1530 1080 Hel.
1557 1009 1747 1079 Webbiana
1773 1009 1932 1100 praebet,
1961 1030 2050 1101 quae
2078 1017 2111 1079 et
2137 1009 2211 1100 ipsa
2237 1005 2283 1076 ad
2314 1027 2389 1098 pro

584 1140 690 1229 priam
718 1136 910 1206 sectionem
936 1135 1215 1230 Lampadium,
1244 1137 1440 1208 Geotrocho
1468 1136 1614 1219 affinem,
1641 1136 1795 1228 pertinet.

736 1262 921 1333 Praeterea
954 1263 1118 1354 plurimae
1152 1265 1325 1334 sectiones
1360 1285 1572 1357 europaeae,
1607 1273 1643 1331 ut
1676 1261 1867 1355 llyalina,
1901 1262 2068 1345 Patala,
2106 1260 2391 1331 Frutieicola

584 1387 831 1482 xerophila,
858 1389 1035 1471 Crenea,
1063 1390 1334 1474 Gonostoma‚
1369 1390 1597 1485 Glaphyro,
1626 1389 1898 1481 Campylaea,
1933 1389 2119 1458 Pometia
2145 1389 2285 1479 singulis
2315 1409 2378 1481 sp

584 1519 704 1586 riebns
731 1513 993 1584 maderensibus
1021 1525 1328 1607 repraesentantur.

735 1641 879 1710 Generis
906 1639 1140 1712 Glandinae
1167 1644 1304 1737 species
1332 1664 1453 1714 omnes
1480 1664 1569 1736 quac
1597 1640 1769 1711 Maderam
1802 1641 1966 1728 incolunt,
2001 1642 2045 1712 ad
2079 1643 2267 1713 sectionem
2297 1642 2380 1712 Cio

585 1769 737 1838 nellarn
763 1769 948 1861 pertinent;
975 1768 1233 1860 quatuordecim
1253 1792 1339 1840 vero
1362 1768 1417 1839 hic
1442 1770 1634 1862 indigenae,
1662 1768 1816 1859 exceptis
1838 1767 1884 1838 Gt.
1905 1769 2053 1840 folliculo
2078 1779 2113 1840 et
2134 1768 2272 1854 acicula,
2302 1766 2398 1838 hau·

586 1897 673 1965 ultra
699 1896 923 1987 reperiuntur.

738 2021 788 2090 Ex
813 2021 928 2112 viginti
955 2020 1089 2091 duabus
1122 2025 1261 2115 generis
1288 2023 1426 2116 Papae
1459 2024 1644 2116 speciebus
1677 2044 1742 2092 una
1769 2031 1895 2092 tantum
1930 2025 1961 2093 in
1990 2023 2251 2095 Canariensibus
2277 2022 2404 2092 iusul'

585 2170 725 2241 rpuoque
744 2149 907 2227 occurrit3
934 2157 1071 2220 ceterae
1093 2150 1275 2220 insularum
1293 2150 1544 2222 bladerensium
1564 2151 1726 2244 propriae
1747 2158 1824 2219 sunt
1843 2151 2059 2247 maximaque
2082 2173 2127 2222 ex
2149 2158 2246 2244 parte
2267 2150 2380 2220 secti·

585 2298 664 2346 nem
684 2275 891 2366 singularem
913 2275 1070 2345 africanis
1094 2276 1278 2368 speciebus
1298 2299 1337 2349 se
1358 2278 1600 2370 adjungentem
1622 2286 1842 2370 componunt,
1869 2275 1937 2348 hoc
1963 2287 2091 2347 tantum
2112 2285 2273 2369 excepto,
2300 2296 2400 2369 quo

586 2404 804 2471 sinistrorsae
832 2410 916 2470 sont.

737 2528 880 2597 Generis
906 2528 1135 2600 Clausiliae
1168 2533 1306 2623 species
1339 2541 1485 2624 quatuor
1518 2533 1651 2602 nonnisi
1685 2533 1716 2600 in
1751 2531 1868 2601 insulis
1894 2529 2154 2602 Maderensibus
2182 2532 2404 2623 reperturum

586 2663 846 2747 separatamque
874 2656 1072 2739 sectionem,
1100 2678 1189 2748 quae
1215 2660 1260 2730 (ΙΙ.
1288 2659 1476 2751 filogranae
1504 2680 1544 2730 se
1571 2659 1726 2753 applicat,
1753 2667 1972 2749 componunt.

735 2782 851 2851 Genus
877 2781 1148 2875 Cyclostoma
1175 2784 1310 2856 duabus
1336 2795 1462 2856 tantum
1489 2786 1675 2877 speciebus
1703 2794 1988 2880 repraesentatur,
2016 2806 2105 2879 quae
2133 2806 2177 2855 eo
2204 2786 2317 2877 magis
2349 2808 2392 2856 re

584 2907 782 3000 spiciendae
815 2915 908 2991 sunt,
943 2930 1048 3001 quum
1081 2913 1270 2983 sectionem
1297 2912 1656 3006 Craspedopoma
1683 2913 1747 2983 Ptr.
1774 2922 1999 3005 componant,
2034 2913 2088 2982 cui
2120 2920 2305 3004 praeterea
2338 2934 2401 2982 un

584 3045 710 3105 tanturn
737 3038 875 3129 species
902 3039 935 3108 in
962 3039 1070 3108 insula
1098 3039 1219 3123 Palma,
1248 3063 1383 3110 -nna
1412 3063 1457 3111 ex
1484 3040 1745 3111 Canariensibus
1772 3040 1957 3110 insulis-
1982 3038 2126 3123 detecta,
2153 3039 2201 3109 ct.
2228 3047 2404 3110 costato..

586 3161 701 3231 Sbnttl.
728 3162 979 3235 adnumeratur.
